2054 3470
745 332 888 368 LIBER
914 332 1155 379 QUARTUS.
1576 335 1652 372 325

246 411 549 483 suppressum
564 426 611 464 et
632 434 765 482 paene
787 419 1069 465 exstinctum
1085 428 1132 466 et
1149 419 1473 479 obliteratum,
1489 422 1652 470 denuo

246 495 599 554 instauraretur,
632 503 678 540 et
701 509 799 540 non
830 494 928 541 dux
950 494 1171 559 amplius,
1208 494 1292 541 sed
1320 512 1403 542 rex
1440 499 1653 559 Burgun-

246 570 335 618 diae
357 570 686 636 appellaretur,
713 586 882 634 magna
903 571 1254 636 prosecutionis
1278 572 1502 619 instantia
1525 574 1652 638 apud

247 648 490 714 praefatum
522 647 856 712 imperatorem
890 664 1095 713 suosque
1134 649 1318 696 institit.
1366 652 1420 695 In
1469 659 1654 696 tantum

249 739 361 772 vero
395 723 523 789 apud
553 725 710 790 ipsum
744 727 1033 788 Augustum,
1071 742 1265 773 suarum
1294 726 1518 774 instantia
1541 743 1659 792 pre-

248 818 357 849 cum
396 818 585 866 suaeque
622 801 956 849 munificentiae
1000 802 1194 863 officiis,
1241 802 1416 866 quibus
1450 803 1662 851 honores

249 893 381 943 paene
403 879 588 926 assidue
610 878 767 926 eidem
789 879 1066 938 exhibebat,
1087 880 1242 927 effecit
1261 890 1403 944 atque
1426 879 1659 941 obtinuit,

250 963 309 1002 ut
338 956 436 1002 suis
474 956 716 1004 desideriis
752 956 813 1004 ab
839 957 1064 1004 omnibus
1093 957 1250 1023 palam
1285 975 1397 1005 eum
1435 958 1662 1006 assentire

250 1031 548 1096 vulgaretur,
594 1034 923 1099 facturumque
962 1052 1073 1082 eum
1114 1052 1306 1099 regem,
1356 1045 1499 1100 atque
1532 1036 1663 1099 regio

251 1110 516 1159 diademate
548 1112 838 1176 sceptrisque
856 1111 1093 1176 regalibus
1122 1113 1280 1177 ipsum
1306 1113 1661 1176 insigniturum‚

250 1188 312 1237 ab
357 1188 581 1236 omnibus
638 1190 738 1236 sine
780 1190 938 1255 aliqua
978 1189 1272 1237 haesitatione
1306 1200 1570 1255 putaretur.
1611 1190 1663 1237 ld

252 1267 380 1315 enim
421 1268 520 1333 ipse
558 1271 791 1331 Augustus
832 1284 882 1315 se
923 1267 1158 1314 facturum
1199 1267 1350 1314 suerat
1392 1267 1663 1333 pollicitus;

253 1344 470 1407 adeoque
493 1361 566 1391 res
591 1353 903 1409 processerat,
930 1354 982 1390 ut
1015 1344 1138 1403 dies,
1178 1345 1239 1391 ad
1265 1354 1405 1392 tantae
1441 1345 1510 1392 rei
1542 1344 1665 1392 cele-

254 1420 473 1468 britatem
495 1421 853 1486 perficiendam,
881 1431 1151 1485 acceptatus
1182 1431 1480 1485 statutusque
1504 1421 1660 1468 fuerit.

255 1500 359 1545 ,lam
378 1514 491 1545 sane
513 1498 574 1545 ad
595 1499 856 1563 perfectum
876 1498 1161 1563 perduxerat
1179 1499 1420 1546 variorum
1440 1498 1668 1563 opificum

257 1591 443 1636 manus,
468 1591 553 1640 per
575 1585 724 1622 totam
761 1575 930 1622 urbem
964 1575 1219 1634 Treverim,
1254 1591 1506 1644 coronam,
1534 1592 1668 1641 scep-

258 1661 402 1712 trum,
423 1651 607 1710 vexilla,
634 1661 801 1713 vesteS,
829 1662 1090 1716 caeteraque
1117 1653 1335 1716 insignia,
1365 1653 1555 1717 quibus,
1582 1653 1668 1718 qui

258 1730 319 1778 de
341 1747 470 1777 novo
491 1729 724 1778 creandus
746 1746 827 1777 rex
838 1729 898 1777 ab
911 1730 1136 1777 omnibus
1156 1730 1538 1795 exspectabatur,
1564 1730 1672 1778 insi-

258 1807 490 1872 gniendus
517 1807 857 1872 ornandusque
891 1817 1027 1855 esset.
1070 1810 1123 1854 ln
1153 1808 1255 1872 ipsa
1284 1808 1427 1855 etiam
1454 1807 1667 1872 eJusdem

259 1883 391 1931 urbis
415 1883 608 1931 ecclesia
635 1884 833 1948 majore,
855 1885 904 1931 in
922 1901 1018 1948 qua
1036 1883 1346 1931 ordinabatur
1370 1884 1666 1941 solemnitas,

259 1961 424 2027 perfici
455 1961 626 2009 fecerat
653 1962 753 2027 ipse
776 1965 1011 2024 Augustus
1031 1961 1233 2008 thronos
1256 1971 1302 2009 et
1326 1961 1582 2009 tribunalia
1604 1962 1671 2008 fa-

259 2036 431 2085 bricari
467 2048 514 2085 et
550 2038 686 2101 erigi;
722 2055 1017 2103 praesensque
1038 2038 1348 2103 personaliter
1374 2038 1570 2085 affuerat
1609 2037 1671 2085 ad

261 2115 615 2180 disponendum
636 2126 682 2163 et
704 2117 1093 2181 praecipiendum,
1121 2134 1219 2181 quo
1250 2118 1300 2163 in
1333 2116 1442 2163 loco
1475 2125 1522 2162 et
1554 2131 1672 2179 qua·

261 2193 366 2240 liter
415 2193 743 2257 hujuscemodi
782 2195 1040 2259 imperialis
1081 2204 1222 2258 atque
1259 2194 1396 2257 regiae
1434 2193 1674 2256 dignitatis

262 2270 380 2318 solia
399 2281 541 2335 atque
562 2270 725 2318 sedilia
748 2270 976 2318 deberent
1009 2271 1251 2318 collocari.
1291 2274 1497 2335 Rogatus
1530 2271 1672 2317 etiam

265 2347 413 2395 fuerat
445 2349 664 2395 Metensis
692 2348 965 2413 episcopus,
1006 2350 1091 2413 qui
1113 2359 1159 2396 et
1180 2366 1229 2396 se
1264 2349 1444 2396 adhoc
1478 2365 1674 2413 prorsus

266 2434 577 2489 praeparatum
607 2425 796 2482 fecerat,
836 2435 886 2472 ut
918 2426 1166 2473 missarum
1200 2425 1432 2472 solemnia
1453 2435 1500 2471 et
1533 2441 1672 2470 sacrae

267 2500 475 2547 officium
498 2502 734 2548 unctionis
766 2502 962 2549 haberet
995 2501 1231 2549 celebrare
1255 2512 1396 2566 atque
1427 2500 1670 2567 perlicere.

331 2578 423 2624 Sed
458 2577 603 2625 heus!
657 2595 802 2643 quam
837 2580 970 2626 facile
1006 2590 1052 2626 et
1081 2597 1138 2626 ex
1166 2589 1415 2626 momento
1440 2576 1677 2625 vertibiles

267 2664 376 2703 sunt
401 2665 447 2702 et
474 2655 723 2703 variabiles
744 2657 998 2704 hominum
1022 2658 1306 2716 voluntates,
1339 2666 1386 2703 et
1417 2671 1559 2719 quam
1591 2652 1678 2698 sra-

269 2732 380 2796 giles
402 2742 512 2778 sunt
532 2732 804 2792 hominum,
829 2744 876 2781 et
898 2734 1169 2799 principum
1187 2733 1409 2791 maxime,
1437 2728 1679 2778 confoede-

270 2807 475 2853 rationes
504 2817 550 2853 et
576 2808 806 2867 amicitiae,
835 2825 940 2871 quoe
968 2825 1066 2854 non
1099 2808 1273 2854 fuerint
1300 2805 1473 2852 Christi
1492 2803 1678 2868 glutino
