2054 3470
385 333 461 370 384
750 332 1092 371 HISTORIARUM
1117 333 1354 370 LUDOVICI
1379 334 1437 370 XI

385 420 479 466 tius
502 418 640 479 belli,
666 435 777 466 cum
798 419 1000 484 plurima
1027 420 1240 484 ejusdem
1259 421 1393 468 ducis
1415 420 1616 485 pecunia
1637 430 1685 469 et
1707 438 1794 468 su·-

386 496 616 561 pellectile
650 497 857 561 pretiosa
899 496 1169 544 ferebantur
1191 534 1203 558 ‚
1254 508 1300 545 et
1353 515 1379 544 e
1426 496 1597 561 quibus
1641 508 1792 545 castra

386 573 557 619 vallare
579 583 624 620 et
645 573 944 621 communire
966 574 1314 637 consueverat),
1333 591 1503 638 parum
1515 574 1732 621 consulte
1747 584 1795 621 et

383 650 584 715 provide
606 651 933 716 praemitteret,
965 669 1075 698 cum
1098 652 1207 699 satis
1228 652 1399 717 pusillo
1423 653 1667 718 praesidio,
1685 654 1797 700 Sui-'

385 738 538 774 tenses
568 728 651 791 qui
679 744 736 773 ex
757 728 853 774 suis
879 728 1123 775 montibus
1143 738 1189 775 et
1210 728 1417 776 latibulis
1442 740 1615 777 cuncta
1635 730 1794 795 auspi-

385 804 638 862 cabantur,
665 804 787 850 facta
806 804 1070 870 irruptione
1090 806 1353 870 repentina,
1380 824 1548 854 omnes
1576 807 1795 871 hujusce·

385 882 519 929 modi
547 898 714 929 currus
745 892 790 928 et
818 883 1094 929 universum
1121 883 1234 930 belli
1262 895 1565 948 apparatum,
1596 894 1643 931 et
1667 901 1794 948 quae-

384 976 590 1024 cumque
612 959 818 1023 pretiosa
843 970 925 1006 aut
946 959 1037 1006 alia
1054 959 1148 1006 illic
1174 970 1323 1020 erant,
1340 971 1440 1007 tam
1460 962 1550 1026 ipsi
1568 962 1788 1026 principi,

386 1054 532 1102 quam
569 1037 684 1098 suis,
726 1046 807 1082 aut
838 1036 980 1083 etiam
1004 1037 1346 1084 mercatoribus
1383 1048 1535 1084 castra
1581 1038 1682 1101 ejus
1721 1055 1793 1085 se-

385 1113 657 1178 quentibus,
680 1114 960 1178 spectantia,
985 1114 1348 1196 conqpisierunt
1365 1124 1412 1161 et
1433 1131 1527 1161 suae
1549 1116 1793 1179 potestatis

384 1202 526 1256 atque
556 1192 676 1256 juris
709 1191 990 1252 effecerunt,
1028 1194 1156 1240 caesis
1193 1194 1334 1240 etiam
1366 1192 1468 1252 his,
1505 1192 1587 1257 qui
1617 1192 1678 1239 ad
1711 1209 1794 1239 eos

385 1268 727 1316 conducendos
761 1285 849 1333 pro
889 1269 1109 1334 praesidio
1142 1268 1236 1316 illic
1276 1269 1499 1328 aderant,
1542 1277 1589 1315 et
1622 1269 1794 1332 aurigis

383 1357 526 1410 atque
560 1346 900 1393 mercatoribus
941 1347 1189 1395 universis.
1240 1349 1357 1404 Quae
1394 1346 1553 1393 clades
1587 1362 1698 1392 cum
1735 1345 1794 1392 ad

384 1424 644 1485 exercitus,
679 1424 761 1487 qui
793 1423 1097 1488 sequebatur,
1134 1425 1354 1472 auditum
1387 1424 1691 1489 pervenisset,
1729 1424 1794 1470 il-

385 1489 476 1547 lico
501 1501 662 1564 sugam
683 1501 774 1548 hac
797 1512 938 1565 atque
970 1502 1075 1548 illac
1103 1502 1272 1565 singuli
1301 1502 1628 1566 arripuerunt,
1668 1501 1716 1546 in
1739 1516 1795 1547 ea

384 1578 485 1625 sola
521 1595 654 1644 spem
693 1579 949 1642 effugiendi
996 1579 1207 1643 pericula
1256 1579 1512 1645 repositam
1554 1594 1654 1624 esse
1698 1594 1794 1642 pu-

384 1659 573 1702 tantes¹.

450 1735 557 1779 Haec
580 1732 667 1779 fuit
688 1732 842 1797 prima
863 1732 1013 1794 labes,
1036 1743 1082 1779 et
1110 1732 1379 1780 futurorum
1405 1733 1641 1779 malorum
1656 1769 1668 1789 ‚
1690 1749 1796 1796 quae

385 1821 547 1874 postea
582 1811 753 1858 ducem
796 1811 1075 1875 Burgundiae
1111 1821 1270 1858 secuta
1304 1821 1438 1872 sunt,
1485 1811 1616 1857 triste
1651 1820 1795 1873 atque

384 1887 640 1935 infaustum
668 1890 945 1953 auspicium.
986 1893 1037 1936 ln
1064 1906 1160 1954 qua
1179 1907 1246 1949 re,
1272 1893 1459 1954 praeter-²
1480 1888 1793 1952 ignominiam

383 1976 428 2012 et
445 1967 776 2014 confusionem
794 1968 1125 2032 permaximas,
1138 1984 1255 2031 quas
1274 1967 1492 2032 provide³
1507 1966 1726 2013 sustinuit
1748 1976 1794 2012 et

384 2045 594 2107 quaesivit
634 2045 1027 2108 Burgundionum
1052 2045 1166 2106 dux,
1189 2046 1364 2091 damna
1389 2045 1529 2091 etiam
1559 2045 1795 2108 permaxi-

385 2137 479 2180 ma,
523 2131 568 2167 et
609 2139 712 2184 quae
742 2139 840 2168 non
879 2122 1010 2167 facile
1040 2123 1259 2169 aestimari
1294 2132 1518 2186 possunt,
1547 2121 1675 2168 idem
1698 2121 1792 2168 dux

384 2210 549 2258 passus
577 2194 680 2241 fuit.
708 2198 845 2252 Nam,
877 2196 947 2241 uti
971 2195 1093 2242 fama
1117 2195 1370 2256 ferebatur,
1410 2205 1561 2242 totam
1584 2195 1792 2242 nobilem

385 2271 514 2317 illam
548 2271 886 2336 supellectilem
925 2273 1028 2319 auri
1065 2284 1110 2319 et
1151 2273 1333 2337 argenti
1367 2282 1510 2336 atque
1557 2273 1793 2319 variorum

385 2358 795 2409 ornamentorum,
824 2364 968 2412 quam
1007 2349 1379 2413 copiosissimam
1404 2366 1429 2395 a
1454 2349 1548 2395 suis
1574 2348 1795 2412 progeni-

384 2425 568 2472 toribus
587 2434 850 2490 acceperat‚
876 2424 941 2470 ibi
965 2425 1185 2490 perdidit.
1207 2428 1322 2483 Quae
1342 2425 1404 2472 ad
1417 2441 1586 2471 manus
1603 2424 1794 2471 illorum

385 2519 648 2568 pauperum
673 2503 947 2567 Alpinatum
971 2504 1203 2567 pervenit,
1229 2519 1350 2566 quos
1377 2502 1528 2548 Julius
1550 2504 1720 2562 Caesar,
1746 2503 1792 2549 in

438 2645 476 2683 -1,
507 2646 562 2680 La
585 2641 739 2680 version
765 2641 831 2679 des
853 2641 1014 2679 temoins
1034 2641 1222 2679 oculaires
1249 2640 1386 2678 dissere
1410 2640 1729 2679 essentiellement
1746 2641 1795 2680 de

384 2703 552 2742 celle-ci.
576 2702 667 2740 Voir
685 2701 722 2739 le
739 2701 956 2739 Commines
976 2702 1024 2739 de
1043 2701 1132 2739 Mlle
1151 2703 1324 2752 Dupont‚
1345 2709 1370 2739 t.
1393 2703 1444 2748 11,
1466 2714 1506 2751 p.
1529 2703 1568 2740 9.

439 2765 477 2799 2.
508 2764 670 2812 Propter
685 2761 778 2799 dans
796 2761 833 2798 le
852 2773 921 2799 ms.

439 2824 476 2860 3.
509 2823 637 2860 Plutot
645 2822 809 2872 proinde
826 2834 877 2858 ou
898 2822 1113 2870 improvide.
