2054 3470
423 350 500 386 292
786 352 1126 391 HISTORIARUM
1152 355 1387 393 LUDOVICI
1414 356 1469 392 XI

427 454 565 484 neam
593 438 800 486 facerent
833 440 1149 502 deditionem,
1186 441 1299 489 dicti
1331 442 1479 489 franci
1510 443 1734 507 sagittarii
1765 446 1821 492 si—

370 579 373 581 .
424 516 525 563 mul
549 533 658 563 cum
689 517 782 564 loci
815 519 988 565 accolis
1015 519 1268 568 crudeliter
1295 521 1597 581 occiderunt3
1636 531 1682 568 et
1713 539 1823 587 pro-

422 603 584 658 pterea
616 594 721 640 talis
751 593 931 640 eisdem
957 595 1230 643 vicissitudo
1255 596 1485 644 retributa
1512 597 1616 644 fuit.
1644 602 1695 644 ln
1729 616 1826 663 quo

422 670 639 741 profecto
674 671 771 717 dux
800 671 900 736 ipse
930 672 1323 736 Burgundionum
1353 675 1555 721 nimium
1584 675 1826 723 crudelem

422 747 474 797 se
505 748 743 808 ostendit,
795 758 842 795 et
881 749 1108 796 infamem
1143 751 1312 798 exinde
1347 762 1511 813 notam
1549 753 1822 813 contraxit;

421 834 534 872 nam
550 825 766 890 plurimis
784 825 1117 890 huJuscemodi
1143 828 1313 876 francis
1341 829 1588 892 sagittariis
1615 828 1828 877 dexteras

422 918 590 949 manus
614 904 850 967 amputari
875 903 1006 963 fecit,
1032 914 1079 951 et
1110 905 1234 951 intra
1267 904 1359 951 loci
1390 904 1636 951 ecclesiam
1669 906 1828 970 plures

423 979 691 1026 sacerdotes
713 990 760 1026 et
782 979 938 1026 clerici
953 1015 964 1036 ‚
994 981 1151 1028 amicti
1178 981 1501 1028 ecclesiasticis
1521 982 1824 1042 vestimentis,

423 1056 675 1104 crudeliter
697 1057 918 1117 nimium,
945 1058 1067 1123 proh
1087 1056 1245 1105 dolorl
1275 1059 1465 1106 fuerunt
1487 1060 1658 1120 occisi,
1697 1059 1827 1107 nulla

420 1136 609 1201 penitus
631 1152 787 1199 neque
810 1153 943 1183 sacro
966 1136 1074 1183 loco
1093 1153 1248 1200 neque
1268 1136 1484 1200 religioni
1505 1136 1664 1184 habita
1688 1154 1821 1184 reve-

422 1213 613 1260 renfia'.

484 1291 600 1338 Inde
632 1300 791 1338 autem
821 1308 1018 1338 movens
1051 1300 1397 1354 consequenter
1423 1301 1597 1352 castra,
1625 1301 1828 1338 metatus

420 1376 490 1414 est
509 1377 675 1414 contra
699 1367 827 1413 aliud
850 1367 1082 1432 oppidum
1115 1366 1295 1413 dictum
1330 1370 1474 1429 Roye.
1514 1366 1683 1426 Quod,
1720 1367 1827 1414 licet

419 1444 577 1491 multis
600 1445 738 1508 regiis
765 1444 991 1509 praesidiis
1026 1454 1147 1491 esset
1178 1443 1433 1503 munitum,
1468 1453 1733 1490 metuentes
1755 1453 1825 1490 ta-

418 1538 530 1568 men
555 1539 616 1569 ne
640 1523 723 1580 eis,
749 1521 1124 1585 quemamodum
1147 1520 1266 1579 aliis,
1293 1521 1603 1585 contingeret,
1629 1520 1827 1567 deditio-

420 1616 529 1646 nem
557 1599 767 1646 fecerunt
796 1600 876 1661 qui
898 1599 993 1646 illic
1018 1601 1191 1646 erant².
1226 1598 1370 1656 Quod
1399 1608 1445 1645 et
1476 1597 1687 1645 similiter
1714 1597 1822 1645 fecit

419 1676 547 1724 aliud
571 1677 869 1742 oppidulum‚
905 1676 1287 1723 Monsdesiderii³
1309 1675 1618 1740 appellatum.

483 1757 592 1812 Quo
621 1764 830 1819 recepto,
857 1753 1134 1800 deliberavit
1155 1752 1282 1799 idem
1305 1752 1402 1798 dux
1424 1753 1690 1813 Belvacum,
1715 1752 1824 1798 civi-

419 1842 561 1880 tatem
596 1834 865 1895 antiquam,
896 1832 1037 1878 etiam
1060 1832 1310 1895 impetere3
1339 1829 1462 1875 circa
1496 1845 1642 1892 quam
1675 1837 1825 1875 castra

420 1910 662 1968 metatus⁴‚
702 1919 749 1956 et
774 1925 880 1956 eam
921 1925 976 1955 ex
1011 1917 1142 1972 parte
1181 1921 1277 1952 una
1313 1904 1563 1952 obsidione
1605 1905 1820 1968 cingens,

473 2069 510 2105 1.
541 2065 705 2103 Thomas
734 2063 846 2101 Basin
874 2070 930 2099 est
955 2060 1034 2098 loin
1056 2059 1102 2097 de
1126 2059 1219 2097 faire
1241 2059 1350 2097 saisir
1376 2067 1480 2097 toute
1509 2058 1700 2098 l'horreur
1718 2060 1766 2099 de
1788 2060 1823 2099 la

417 2126 520 2178 prise
552 2124 600 2163 de
632 2123 758 2161 Nesle.
794 2121 877 2159 Elle
904 2126 1045 2158 ressort
1071 2118 1186 2156 d’uue
1211 2120 1374 2169 enquete
1403 2118 1490 2156 faite
1523 2118 1726 2169 cinquante
1756 2132 1825 2158 ans

417 2186 529 2236 apres
550 2183 806 2221 l'evenement
824 2189 861 2217 et
884 2181 934 2216 οὐ
959 2178 1087 2215 furent
1107 2176 1292 2214 emendus
1311 2185 1396 2214 tous
1419 2177 1474 2214 les
1499 2177 1695 2216 vieillards
1718 2178 1766 2216 de
1788 2179 1825 2217 la

419 2244 523 2283 ville.
539 2246 593 2281 La
607 2242 865 2279 circonstance
880 2239 931 2276 du
943 2238 1081 2275 heraut
1096 2236 1281 2274 assassine
1294 2249 1317 2274 a
1330 2243 1411 2273 tout
1427 2235 1511 2274 l'air
1529 2235 1644 2274 d’une
1662 2236 1825 2290 legende

417 2302 607 2355 imaginee
627 2314 724 2353 pour
743 2300 780 2338 la
798 2297 1042 2347 justification
1067 2296 1119 2334 du
1137 2295 1212 2334 duc
1232 2295 1280 2333 de
1301 2298 1544 2347 Bourgogne.
1567 2297 1667 2334 Tous
1690 2297 1744 2334 les
1765 2297 1824 2335 te-

417 2363 542 2401 moins
560 2362 752 2399 affirment
775 2373 850 2410 que
875 2358 911 2396 le
937 2357 1012 2395 duc
1032 2356 1140 2394 sortit
1165 2355 1201 2393 le
1224 2354 1341 2392 matin
1369 2353 1416 2391 de
1443 2354 1618 2391 Peronne
1640 2366 1734 2392 avec
1755 2367 1825 2392 son

417 2422 546 2460 armee
570 2428 608 2458 et
631 2420 713 2457 vint
733 2417 894 2456 envahir
912 2415 1023 2454 Nesle
1043 2427 1130 2452 sans
1148 2425 1273 2451 aucun
1300 2411 1587 2449 avertissement
1607 2411 1823 2462 prealable‚

419 2480 573 2531 lorsque
593 2487 674 2516 tout
693 2478 727 2516 le
747 2477 887 2515 monde
906 2490 931 2527 y
946 2475 1036 2525 etait
1053 2474 1143 2512 bien
1163 2471 1365 2523 tranquille
1387 2484 1453 2508 sur
1470 2470 1508 2508 la
1525 2471 1578 2508 foi
1597 2470 1645 2509 de
1660 2471 1696 2509 la
1717 2473 1825 2510 treve

419 2539 485 2590 qui
504 2537 631 2575 durait
649 2549 802 2574 encore.
829 2538 882 2573 Le
909 2546 1096 2572 massacre
1114 2533 1171 2570 fut
1197 2532 1229 2570 si
1254 2530 1374 2583 grand
1393 2534 1512 2581 qu’on
1532 2530 1635 2568 avait
1657 2529 1707 2569 du
1731 2543 1825 2583 sang

418 2597 639 2649 par-dessus
671 2596 705 2633 le
736 2594 825 2646 pied
856 2592 950 2631 dans
987 2592 1146 2644 l’eglise.
1178 2593 1276 2641 Voy.
1311 2590 1346 2627 le
1380 2591 1543 2626 Bulletin
1570 2590 1637 2625 des
1666 2591 1824 2628 Comites

413 2657 700 2706 (18534854),
719 2661 760 2692 ιιο
782 2657 819 2692 5.

470 2718 509 2756 2.
539 2718 592 2753 Le
609 2717 658 2752 15
674 2714 760 2763 juin
779 2715 896 2753 1472.

468 2778 506 2814 3.
536 2774 782 2814 Montdidier.

468 2838 506 2874 4.
538 2837 591 2872 Le
609 2837 657 2871 27
673 2833 772 2882 juin.
