2054 3470
397 367 473 406 306
757 364 1101 403 HISTORIARUM
1127 364 1364 402 LUDOVICI
1390 366 1447 401 XI

396 456 544 503 modo
568 471 598 503 a
616 454 878 502 cervicibus
899 454 994 502 suis
1019 453 1188 517 jugum
1218 453 1285 499 eis
1306 452 1445 500 valde
1467 452 1706 515 ingratum
1728 464 1801 499 re·

398 534 467 598 gis
508 536 801 580 Francorum
846 541 1067 579 excutere
1102 539 1323 596 possent,
1361 538 1408 576 et
1423 566 1437 589 ,
1477 529 1802 577 Barcinonen-

394 610 519 656 sium
547 608 781 674 exemplo,
809 608 870 655 ad
897 624 1037 655 suum
1065 605 1329 654 naturalem
1355 605 1676 672 principatum
1703 622 1804 653 sese

397 686 641 734 reducere.

462 763 531 810 Ad
564 761 698 827 quod
721 762 865 810 etiam
898 778 981 809 eos
1008 761 1315 826 procliviores
1336 759 1568 808 reddebat
1601 759 1806 809 barbara

397 843 613 909 quaedam
636 843 792 890 feritas
816 852 958 907 atque
980 842 1249 890 immanitas
1271 841 1521 905 cujusdam
1548 842 1802 907 capitanei,

395 925 478 989 qui
499 924 685 971 noviter
707 922 769 970 ad
790 939 872 969 eos
900 939 986 986 per
1006 925 1299 969 Francorum
1322 937 1509 985 regem,
1538 938 1628 987 pro
1649 931 1805 969 custo-

398 1000 477 1048 dia
499 1000 665 1065 oppidi
688 1009 734 1047 et
755 1000 876 1046 arcis
899 999 1112 1063 ejusdem
1132 1036 1143 1058 ,
1174 1014 1286 1046 cum
1307 1008 1438 1045 certo
1461 999 1664 1046 militum
1686 1014 1805 1063 prae-

394 1077 516 1125 sidio
535 1114 548 1134 ,
593 1077 744 1124 fuerat
777 1076 1037 1123 destinatus
1053 1078 1081 1123 ¹.
1127 1079 1247 1123 Cum
1287 1076 1416 1123 enim
1454 1075 1536 1123 illo
1591 1086 1806 1123 recenter

395 1155 723 1213 adventasset,
758 1155 806 1201 in
848 1154 1037 1219 publica
1070 1171 1180 1201 cum
1214 1153 1397 1201 civibus
1426 1157 1802 1214 convocatione,

395 1232 551 1280 verbis
596 1232 800 1279 multum
831 1231 1097 1279 minacibus
1113 1269 1125 1292 ‚
1167 1231 1411 1297 probrosis
1453 1242 1595 1296 atque
1630 1233 1806 1297 asperis

397 1319 493 1356 tam
513 1309 574 1355 ad
591 1308 777 1355 nobiles
801 1318 936 1355 terrae
964 1325 1110 1373 quam
1139 1309 1263 1356 cives
1289 1308 1383 1355 loci
1418 1309 1631 1356 invectus
1666 1309 1807 1357 fuisse

396 1385 649 1432 ferebatur.
671 1385 814 1443 Quod
834 1402 1002 1432 eorum
1020 1387 1223 1444 animos,
1246 1385 1451 1432 tenuiter
1468 1385 1530 1433 ad
1554 1386 1808 1433 amicitiam

395 1464 582 1529 imperii
606 1467 895 1510 Francorum
927 1463 1243 1528 adglutinatos
1273 1474 1319 1510 et
1353 1462 1547 1525 affixos,
1583 1463 1728 1511 facile·
1747 1462 1809 1511 ad

397 1541 711 1588 dicessionem
735 1541 1005 1588 inflectebat
1022 1577 1035 1599 ,
1066 1551 1113 1588 et
1136 1540 1197 1588 ab
1220 1540 1393 1588 eodem
1416 1557 1612 1606 prorsus
1634 1540 1808 1589 abalie-

397 1616 560 1665 nabat.

461 1697 715 1741 Tentarant
748 1693 890 1757 igitur
926 1692 1134 1758 primum
1167 1693 1363 1757 quidam
1399 1709 1454 1741 ex
1488 1692 1731 1740 nobilibus
1763 1702 1811 1740 et

397 1770 580 1818 civibus
598 1771 721 1829 loci,
748 1771 869 1817 inter
889 1786 1010 1833 quos
1032 1770 1298 1834 pi‘aecipuus
1328 1780 1428 1817 erat
1449 1770 1675 1817 dominus
1698 1773 1808 1817 Ber-

398 1847 576 1894 nardus
598 1850 745 1892 Doms
763 1848 778 1870 ²
794 1882 808 1906 ,
840 1845 977 1892 miles
991 1884 1004 1903 ,
1038 1855 1091 1891 ut
1115 1855 1291 1893 certam
1316 1845 1532 1893 militiam
1555 1847 1676 1909 regis
1698 1848 1809 1893 Ara-

399 1941 579 1989 gonum
604 1924 727 1971 clam
754 1923 1155 1981 intromitterent,
1191 1934 1237 1970 et
1277 1926 1483 1971 Francos
1520 1924 1634 1970 inde
1669 1923 1808 1986 ejice-

399 2011 507 2048 rent
522 2010 568 2048 et
581 2000 885 2065 expellerent.
906 1999 1050 2056 Quod
1069 2015 1179 2045 cum
1198 2000 1349 2046 facere
1368 2000 1571 2064 aggressi
1593 1999 1807 2060 fuissent,

402 2088 464 2138 et,
493 2078 558 2125 ob
580 2094 686 2124 eam
704 2093 807 2124 rem
827 2075 1170 2141 perficiendam
1188 2112 1201 2136 ,
1233 2077 1418 2125 circiter
1439 2078 1811 2142 quingentorum

400 2171 629 2202 numerus
645 2155 861 2218 equitum
878 2169 1029 2216 usque
1047 2169 1200 2217 prope
1221 2155 1396 2201 moenia
1412 2155 1578 2220 oppidi
1596 2155 1812 2203 advenis-

401 2243 535 2294 sent,
563 2249 662 2278 non
688 2241 947 2296 potuerunt
973 2230 1315 2293 conjurationis
1339 2243 1555 2281 auctores
1577 2234 1652 2292 id,
1681 2232 1810 2298 quod

401 2326 451 2358 se
474 2309 681 2357 facturos
704 2318 1032 2373 susceperant,
1053 2308 1315 2374 adimplere
1331 2312 1361 2357 ³.
1389 2314 1509 2358 Nam
1532 2328 1644 2359 cum
1665 2312 1812 2359 inter-

456 2505 475 2540 1
486 2532 495 2541 .
515 2500 650 2540 C'etait
665 2499 830 2539 Antoine
849 2499 902 2537 du
918 2502 1016 2546 Lau,
1032 2498 1211 2550 seigneur
1228 2499 1277 2537 de
1296 2499 1573 2548 Chateauneuf,
1596 2514 1649 2540 ou
1667 2503 1814 2541 Castel-

402 2574 494 2608 nau,
514 2558 674 2598 d’abord
693 2559 775 2597 l'un
794 2558 861 2596 des
881 2557 967 2609 plus
986 2557 1127 2610 grands
1143 2559 1286 2597 favoris
1304 2558 1357 2597 du
1375 2560 1450 2607 roi,
1470 2561 1537 2611 qui
1559 2561 1650 2599 etait
1667 2562 1814 2601 ensuite

401 2619 529 2657 tombe
549 2631 598 2657 en
619 2617 807 2670 disgreice,
828 2617 932 2655 avait
951 2617 1010 2654 ete
1029 2617 1239 2666 incarcere,
1260 2618 1384 2657 s’etait
1399 2619 1505 2658 enfui
1517 2633 1566 2659 en
1584 2623 1815 2674 Bourgogne

402 2686 439 2717 et
460 2678 589 2717 venait
606 2676 799 2714 d'obtenir
820 2689 861 2713 sa
880 2675 1179 2714 reconciliation.

455 2740 494 2776 2.
525 2741 624 2775 Dum
653 2736 747 2775 dans
770 2735 807 2774 le
825 2748 897 2773 ms.
918 2738 973 2773 Le
990 2747 1082 2773 nom
1101 2743 1158 2773 est
1179 2735 1311 2775 d'Oms
1331 2750 1378 2776 en
1398 2738 1583 2789 francais,
1603 2746 1643 2777 et
1663 2737 1815 2777 d’om

400 2814 450 2839 en
467 2800 631 2839 catalan-

457 2862 494 2898 3.
522 2863 752 2910 &ceperant
769 2861 1023 2908 adimplerent
1037 2857 1132 2896 dans
1151 2858 1188 2896 le
1214 2871 1285 2898 ms.
