2054 3470
368 305 417 340 28
731 304 1074 342 HISTORIARUM
1100 305 1338 343 LUDOVICI
1365 306 1422 342 XI

365 389 555 456 gundiae
582 400 743 456 ageret
758 426 771 451 ,
809 390 1027 457 pluribus
1056 407 1114 438 ex
1140 391 1418 456 proceribus
1458 401 1506 439 et
1545 391 1787 440 nobilibus

366 478 602 516 terrarum
620 485 816 517 suarum
832 507 844 531 ,
872 469 955 534 qui
979 469 1029 516 in
1065 485 1177 516 eum
1200 469 1511 534 obsequiosos
1535 479 1678 534 atque
1699 469 1786 518 be-

366 545 546 594 neficos
568 563 668 594 sese
687 545 1031 606 exhibuissent,
1056 546 1238 611 magnis
1253 562 1335 593 eos
1353 546 1634 594 muneribus
1642 557 1786 612 atque

365 625 633 673 honoribus
656 625 944 685 sublimare,
976 625 1014 671 si
1045 626 1179 689 regni
1212 625 1399 691 paterni
1435 625 1786 690 possessionem

367 713 533 751 nactus
559 703 698 750 foret.
722 706 938 760 Quarum
961 703 1333 767 promissionum
1366 702 1566 750 obtentu
1589 720 1786 768 speran-

365 790 434 827 tes
464 779 687 845 pollicitis
722 778 870 826 fidem
911 779 1120 843 praestari
1137 817 1150 840 ,
1187 778 1348 844 plures
1382 794 1493 825 curn
1528 795 1705 843 magno
1741 790 1789 827 et

364 867 649 923 sumptuoso
674 865 903 921 apparatu
934 872 1044 904 eum
1075 855 1137 903 ad
1168 855 1338 903 urbem
1361 858 1621 903 Remorum
1645 865 1788 921 atque

365 935 656 982 Parisiorum
697 933 1030 981 comitandum
1074 944 1217 998 atque
1257 934 1600 982 honorandum
1639 935 1788 982 duxe-

363 1021 500 1070 rant3
538 1011 646 1073 sed,
683 1011 768 1058 ubi
798 1027 847 1058 se
879 1010 1073 1076 pacifice
1105 1012 1155 1057 in
1191 1028 1391 1076 regnum
1432 1022 1706 1076 susceptum
1742 1023 1790 1060 et

365 1089 545 1154 absque
562 1089 944 1136 contradictione
968 1088 1189 1154 pervidit,
1205 1090 1336 1137 velut
1352 1090 1683 1154 impensorum
1700 1090 1788 1137 sibi

363 1169 620 1215 immemor
642 1166 988 1214 beneficiorum
1009 1177 1057 1215 et
1080 1166 1367 1229 officiorum,
1394 1167 1515 1214 nihil
1534 1167 1583 1214 in
1609 1185 1690 1215 eos
1705 1168 1790 1214 ho-

363 1245 495 1292 noris
521 1255 603 1292 aut
623 1245 782 1309 gratiae
803 1244 1055 1310 impendit.

429 1324 548 1379 Quae
584 1339 696 1369 cum
727 1320 1124 1387 prudentissimus
1154 1321 1232 1369 ille
1262 1320 1660 1385 Burgundionum
1691 1321 1789 1369 dux

364 1400 629 1466 Philippus,
654 1400 738 1464 qui
761 1401 811 1447 in
830 1416 941 1447 eum
963 1410 1062 1447 tam
1084 1398 1348 1461 beneficus,
1375 1398 1688 1463 obsequiosus
1702 1398 1790 1445 hu-

363 1494 630 1542 manusque
653 1477 823 1540 fuerat,
850 1478 1266 1537 animadverteret,
1292 1477 1389 1524 suis
1414 1475 1642 1523 omnibus
1665 1474 1790 1522 inhi-

362 1555 520 1603 buisse
545 1555 709 1618 fertur,
737 1555 895 1603 adhuc
916 1555 1100 1602 Parisiis
1124 1555 1369 1615 exsistens,
1399 1570 1460 1600 ne
1487 1554 1595 1617 quis
1613 1552 1675 1600 de
1695 1553 1790 1600 suis

363 1634 461 1697 regi
484 1649 573 1698 pro
595 1633 756 1680 officio
773 1633 935 1698 aliquo
956 1649 1038 1681 seu
1061 1648 1260 1680 munere
1276 1641 1358 1679 aut
1376 1632 1470 1679 alio
1484 1647 1790 1695 quocumque

362 1710 632 1775 supplicare
653 1710 867 1757 auderet.
896 1713 929 1756 A
936 1710 1196 1774 gnoscebat
1214 1710 1344 1756 enim
1358 1718 1404 1755 et
1418 1708 1529 1755 satis
1543 1708 1645 1771 jam
1659 1723 1792 1753 com-

363 1798 554 1852 pertum
589 1788 828 1848 habebat,
857 1788 1048 1853 qualem
1084 1788 1299 1834 animum
1323 1785 1385 1832 ad
1416 1784 1646 1847 gratiam,
1687 1799 1787 1830 non

363 1865 513 1912 modo
544 1866 868 1925 referendam,
903 1866 982 1912 sed
1020 1875 1067 1911 et
1100 1864 1161 1911 ad
1194 1862 1465 1910 habendam
1499 1878 1582 1908 seu
1605 1877 1789 1908 memo-

363 1941 582 2003 randam,
610 1952 793 2007 gereret
814 1946 844 2002 ¹,
870 1959 959 2007 pro
987 1952 1057 1988 tot
1076 1943 1311 2004 tantisque
1332 1940 1538 2004 acceptis
1548 1937 1790 1985 beneficiis

363 2030 411 2068 et
434 2020 601 2068 officiis
622 2021 781 2083 qualia
803 2020 932 2085 apud
968 2037 1016 2066 se
1033 2057 1045 2080 ,
1074 2019 1191 2066 dum
1226 2034 1337 2064 eum
1365 2016 1622 2082 profugum
1645 2024 1789 2079 atque

364 2099 574 2145 exsulem
612 2097 677 2144 ob
711 2097 1095 2161 indignationem
1127 2096 1375 2158 minasque
1404 2103 1650 2159 paternas,
1693 2101 1789 2140 tam

365 2175 579 2223 officiose
592 2185 639 2223 et
654 2174 890 2223 benevole
906 2174 1183 2239 excepisset,
1211 2171 1791 2235 honorificentissimeque

366 2262 610 2300 tractasset
631 2262 774 2316 atque
798 2261 1117 2317 procurasset,
1136 2250 1266 2297 idem
1283 2248 1564 2313 magnificus
1587 2257 1634 2294 et
1656 2246 1791 2294 beni-

366 2348 485 2396 gnus
506 2332 728 2397 princeps
751 2330 1046 2386 exhibuerat,
1065 2328 1199 2376 nullo
1219 2338 1376 2375 tamen
1396 2340 1592 2392 prorsus
1611 2325 1672 2372 ab
1684 2325 1789 2390 ipso

365 2419 561 2475 perante
582 2408 743 2456 officio
771 2418 1056 2473 praeventuS.

432 2487 642 2551 Contigit
666 2496 828 2534 autem
862 2495 910 2532 et
937 2484 1067 2532 aliud
1096 2483 1224 2531 unde
1254 2483 1399 2529 etiam
1420 2480 1548 2528 idem
1576 2482 1791 2543 Burgun-

423 2633 462 2669 1.
493 2631 664 2682 Georges
692 2628 923 2669 Chastellain
947 2627 1094 2679 (partie
1115 2629 1155 2676 Ι,
1182 2626 1243 2665 ch.
1275 2629 1385 2673 xx1v)
1407 2624 1473 2663 fait
1495 2631 1672 2662 ressortu·
1696 2636 1792 2662 avec

369 2691 571 2741 beaucoup
590 2690 640 2728 de
656 2688 822 2728 vivacite
840 2686 1117 2725 l'indiscretion
1135 2686 1202 2724 des
1222 2684 1431 2724 demandes
1450 2683 1646 2722 adi-essees
1664 2695 1714 2721 au
1733 2682 1792 2720 roi

370 2765 442 2804 par
460 2750 528 2789 des
552 2749 700 2803 legions
726 2748 775 2787 de
798 2747 1024 2786 solliciteurs
1042 2747 1110 2798 qui
1129 2745 1271 2784 etaient
1286 2758 1410 2784 venus
1429 2743 1482 2782 du
1502 2743 1670 2782 Brabant
1687 2750 1724 2780 et
1742 2741 1790 2779 de

372 2810 410 2850 la
429 2809 607 2849 Flandre.
632 2808 734 2849 C’est
757 2807 881 2860 plutot
901 2806 938 2844 la
955 2806 991 2845 le
1010 2805 1123 2844 motif
1138 2805 1186 2843 de
1210 2805 1248 2843 la
1272 2803 1428 2843 defense
1447 2802 1538 2842 faite
1556 2815 1627 2854 par
1643 2802 1679 2840 le
1698 2800 1787 2839 duc.
