2054 3470
735 364 882 401 LIBER
909 363 1182 401 SECUNDUS.
1591 367 1606 402 1
1617 366 1662 403 91

697 544 1039 591 CAPITULUM
1078 546 1220 589 XXII.

322 670 380 704 De
397 668 523 704 iterato
538 666 692 702 tumultu
706 664 957 700 Leodiensium
969 674 1008 715 ‘et
1023 665 1160 712 origine
1174 665 1283 700 totius
1298 676 1368 700 suae
1382 665 1603 714 rebellionis,

632 727 667 754 et
679 718 888 754 eorumdem
902 718 1012 754 nimia
1028 718 1251 754 contumacia
1261 719 1270 738 ¹
1279 745 1287 753 .

319 844 440 891 Cum
455 855 571 888 vero
590 838 749 889 adhuc
769 839 863 887 illic
879 849 1035 888 essent
1056 840 1199 888 simul
1214 839 1394 906 praefati
1413 841 1669 907 principes,

255 929 302 968 et
331 920 382 969 in
412 917 645 977 conviviis
677 927 724 965 et
754 917 1108 979 festivitatibus,
1143 935 1233 984 pro
1266 918 1544 982 hujusmodi
1576 929 1675 968 tam

254 1006 428 1064 optatae
460 996 644 1044 cunctis
675 995 960 1044 mortalibus
993 995 1123 1062 pacis
1153 997 1508 1058 conciliatione,
1543 996 1675 1045 laetos

253 1075 568 1139 transigerent
586 1083 727 1138 atque
747 1073 979 1121 ducerent
1006 1074 1134 1137 dies,
1157 1075 1356 1139 contigit
1376 1075 1551 1122 iterum
1569 1075 1676 1123 illos

253 1152 456 1201 stolidos
475 1150 724 1200 Eburones
740 1167 826 1199 seu
841 1151 1146 1209 Leodienses,
1167 1152 1377 1218 quadam
1396 1153 1526 1200 velut
1545 1153 1677 1202 rabie

253 1229 304 1277 in
333 1230 409 1278 sui
437 1230 652 1296 ipsorum
677 1239 887 1277 armatos
914 1230 1135 1291 exitium,
1167 1246 1319 1278 novas
1342 1246 1416 1278 res
1439 1231 1674 1279 actitasse.

256 1309 378 1355 Nam
398 1306 511 1355 licet
532 1306 666 1355 urbis
688 1324 783 1354 suae
805 1306 970 1355 Leodii
999 1308 1176 1355 moenia
1204 1317 1251 1356 et
1277 1317 1453 1368 turreS,
1482 1318 1535 1356 ut
1556 1308 1679 1356 dixi-

257 1400 388 1445 mus,
431 1383 623 1448 dejectae
663 1384 859 1432 fuissent
898 1400 1126 1449 armaque
1162 1386 1385 1433 universa
1418 1384 1598 1448 ablata,
1627 1395 1681 1433 ut

257 1460 334 1508 vel
373 1459 470 1508 hoc
506 1461 655 1509 modo
695 1461 834 1525 (cum
874 1461 988 1510 alias
1031 1479 1187 1528 neque
1223 1479 1308 1528 per
1353 1474 1676 1524 sacramenta,

260 1554 418 1602 neque
458 1555 547 1604 per
587 1539 875 1586 muletarum
919 1540 1270 1604 appositionem
1288 1577 1300 1600 ‚
1343 1557 1501 1605 neque
1539 1542 1682 1589 etiam

262 1615 511 1664 obsidibus
540 1615 685 1677 datis,
713 1616 764 1663 id
789 1616 914 1664 effici
935 1617 1199 1682 quivisset),
1231 1627 1283 1665 ut
1305 1617 1367 1665 ad
1396 1619 1606 1682 quietem
1635 1630 1682 1668 et

262 1695 415 1743 otium
438 1696 487 1742 in
511 1712 629 1760 pace
661 1695 901 1759 agendum
936 1696 1295 1759 stringerentur,
1322 1696 1496 1744 domus
1521 1706 1681 1746 tamen

261 1790 382 1832 suae,
415 1790 526 1821 cum
560 1773 748 1838 praediis
781 1784 925 1839 atque
958 1773 1218 1822 mobilibus
1247 1774 1413 1836 bonis,
1449 1775 1516 1823 eis
1546 1776 1683 1824 salvae

261 1850 466 1899 dimissae
489 1850 692 1900 fuerant.
721 1852 1076 1900 Tantummodo
1109 1852 1296 1901 sublata
1323 1853 1390 1900 eis
1416 1870 1550 1902 arma
1578 1854 1683 1902 fue-

262 1937 384 1975 rant.
426 1927 611 1986 Quibus
648 1931 830 1976 autem²
862 1929 1100 1977 moenibus
1142 1929 1382 1978 'ad-suam
1423 1931 1684 1996 patriaeque

262 2004 459 2052 tutelam
482 2005 549 2052 eis
572 2006 769 2054 minime
793 2024 916 2072 opus
937 2017 1038 2055 erat
1055 2045 1066 2065 ‚
1093 2007 1131 2054 si
1161 2007 1209 2054 in
1239 2023 1358 2072 pace
1383 2018 1430 2055 et
1452 2007 1683 2073 tranquil-

262 2079 391 2128 litate
413 2082 672 2147 perdurare
688 2083 967 2131 voluissent.
991 2084 1112 2131 Satis
1131 2084 1258 2131 enim
1282 2101 1372 2148 pro
1398 2085 1681 2147 munimine,

266 2158 438 2218 muris,
465 2159 590 2207 vallo
616 2170 759 2225 atque
782 2162 926 2212 armis
949 2179 1050 2209 esse
1079 2162 1146 2208 eis
1167 2171 1380 2227 poterat,
1403 2163 1447 2211 ‚si
1471 2162 1615 2210 fidem
1639 2173 1686 2211 et

267 2235 522 2284 amicitiam
553 2254 663 2284 cum
699 2238 1092 2302 Burgundionum
1126 2238 1426 2305 principibus
1461 2239 1685 2288 observa·

267 2321 395 2374 rent;
413 2330 621 2378 quorum
635 2315 771 2361 terris
784 2325 926 2379 atque
939 2315 1164 2362 dominiis
1176 2317 1478 2381 amplissimis
1489 2318 1688 2365 circum-

269 2390 390 2454 septi
422 2401 556 2438 erant
590 2402 636 2439 et
671 2391 860 2452 vallati;
899 2393 983 2457 qui
1021 2392 1152 2440 nulla
1184 2410 1268 2441 eos
1305 2395 1484 2459 quippe
1514 2395 1687 2459 injuria

269 2462 607 2530 lacessierant³,
629 2469 714 2517 sed
730 2486 902 2518 eorum
921 2470 1050 2536 pacis
1066 2479 1114 2517 et
1128 2471 1484 2536 tranquillitatis
1506 2482 1687 2520 tutores

328 2622 364 2658 ἱ.
395 2619 572 2673 Chapitre
589 2622 721 2675 publie
743 2624 837 2663 dans
852 2622 1126 2676 l’AmpIissima
1152 2628 1332 2676 collectio,
1355 2633 1382 2666 t.
1408 2629 1474 2675 IV,
1494 2627 1573 2667 col:
1593 2629 1684 2667 753.

326 2679 366 2718 2.
396 2682 475 2718 Aut
492 2683 604 2720 etiam
624 2682 718 2722 dans
735 2683 773 2722 le
792 2697 864 2723 ms.

329 2738 368 2778 3.
399 2738 613 2791 Singuliere
640 2742 871 2793 prevention
905 2743 952 2782 de
983 2743 1162 2783 l’auteur.
1196 2747 1250 2784 Le
1277 2746 1352 2784 duc
1379 2746 1428 2786 de
1458 2752 1689 2799 Bourgogne

274 2795 422 2835 voulait
439 2798 550 2837 avoir
565 2812 619 2838 un
636 2799 744 2840 bailli
762 2804 785 2840 a
804 2802 937 2855 Liege,
953 2811 991 2842 et
1008 2802 1075 2855 n’y
1095 2803 1253 2844 souffrir
1272 2818 1374 2856 pour
1399 2806 1549 2858 &veque
1567 2808 1689 2856 qu’un

274 2855 430 2895 homme
447 2856 496 2895 de
513 2869 584 2896 son
602 2858 730 2898 choix.
