2054 3470
747 328 894 365 unm
920 327 1162 374 QUARTUS.
1272 357 1275 360 Δ
1584 329 1658 368 329
1696 377 1699 380 ,

322 420 356 465 Α
378 433 477 482 quo
498 415 670 464 auxilia
691 413 956 480 postulans,
984 431 1128 478 quem
1151 424 1427 478 agnosceret
1448 426 1496 463 et
1517 417 1661 465 armis

256 503 517 560 potentem,
543 503 589 541 et
604 491 871 539 Germaniae
889 491 1080 556 populis
1103 490 1313 539 finitimis
1335 491 1661 541 dominiorum

256 588 451 619 suorum
469 587 567 617 non
589 585 759 634 parum
779 568 1023 615 formidini
1046 578 1187 633 atque
1209 569 1379 616 terrori
1403 585 1522 630 esse,
1550 570 1660 618 faci-

256 648 351 696 lem
380 665 488 696 eum
515 647 576 695 ad
599 646 693 694 hoc
721 656 863 711 atque
894 647 1156 711 propitium
1190 647 1388 694 invenit.
1419 647 1662 695 Promisit-

257 743 349 792 que
370 725 521 773 eidem
545 741 594 772 se
628 723 801 771 auxilio
821 723 927 783 sibi,
950 741 1062 771 cum
1079 724 1288 788 primum
1309 733 1487 789 posset,
1510 733 1663 772 trans-

256 813 360 852 acta
380 803 553 862 bieme,
596 801 889 849 adfuturum.
917 804 1007 848 Pro
1030 805 1252 848 suorum’
1277 811 1436 849 autem
1469 801 1664 866 praemio

257 879 607 943 subeundaeque
634 878 776 942 hujus
803 879 870 925 rei
901 880 1045 943 gratia
1069 880 1320 944 impensae,
1344 879 1549 927 ecclesiae
1574 882 1666 927 Co-

256 957 482 1005 loniensis
497 956 784 1004 advocatum
801 956 1025 1004 eumdem
1044 956 1216 1004 ducem
1233 974 1440 1022 suosque
1457 958 1667 1006 haeredes

256 1034 385 1083 idem
406 1033 806 1099 archiepiscopus,
830 1044 879 1081 ut
910 1034 1118 1094 aiebant,
1150 1034 1385 1082 effecerat.
1407 1038 1497 1083 Per
1522 1052 1668 1100 quam

256 1109 641 1171 advocationem,
668 1112 994 1159 auctoritatem
1015 1122 1060 1159 et
1079 1112 1347 1160 dominium
1363 1130 1503 1160 suum
1526 1113 1668 1161 etiam

257 1191 319 1239 ad
339 1201 485 1238 terras
509 1190 713 1237 ecclesiae
731 1189 1025 1238 Coloniensis
1048 1207 1312 1256 propagare
1335 1191 1435 1256 ipse
1456 1191 1552 1239 dux
1573 1209 1670 1256 ges-

259 1267 427 1329 tiebat,
461 1266 872 1332 quemadmodum
901 1267 1045 1332 paulo
1069 1277 1180 1315 ante
1205 1268 1427 1316 effecerat
1451 1268 1512 1316 de
1534 1269 1669 1316 terris

259 1345 465 1394 ecclesiae
502 1345 788 1392 Leodiensis.

325 1422 609 1488 Compositis
631 1423 790 1486 itaque
812 1421 908 1468 dux
932 1423 1031 1487 ipse
1056 1422 1198 1470 rebus
1216 1422 1335 1483 suis,
1363 1432 1458 1470 tam
1481 1423 1529 1469 in
1555 1426 1669 1470 Bur-

261 1501 438 1566 gundia
475 1516 619 1564 quam
668 1501 716 1546 in
755 1499 956 1558 Alsatia,
996 1501 1046 1548 in
1080 1518 1167 1548 suo
1203 1502 1430 1548 comitatu
1467 1502 1666 1562 Ferreti,

257 1579 356 1643 Jam
377 1586 567 1643 tepente
588 1593 699 1623 vere
715 1613 728 1636 ,
759 1593 921 1624 mense
950 1578 1145 1639 martio,
1172 1577 1416 1643 repedavit
1440 1595 1550 1625 cum
1575 1578 1671 1626 suis

262 1654 411 1720 copiis
444 1671 529 1719 per
566 1653 761 1700 eosdem
789 1653 953 1714 calles,
991 1654 1166 1718 quibus
1196 1656 1277 1702 illo
1304 1655 1546 1721 profectus
1575 1655 1673 1702 sue-

261 1741 350 1792 rat,
376 1732 424 1778 in
451 1741 624 1779 terram
649 1747 782 1781 suam
813 1731 1294 1795 Luxemburgensem.
1325 1733 1464 1797 Atqui
1492 1732 1542 1779 in
1565 1732 1670 1798 ipso

262 1827 394 1876 paene
430 1811 502 1857 sui
545 1811 722 1858 reditus
771 1819 817 1857 et
853 1811 1133 1858 reversionis
1177 1811 1342 1858 limine
1361 1846 1374 1870 ,
1415 1810 1556 1874 longe
1593 1827 1672 1857 se-

262 1904 345 1935 cus
378 1903 524 1952 quam
562 1897 830 1953 speraverat
848 1925 859 1947 ‚
898 1903 971 1934 res
1007 1903 1156 1934 novas
1198 1887 1377 1935 subditi
1421 1887 1673 1934 comitatus

262 1963 334 2011 sui
352 1965 653 2029 *Ferretensis
682 1973 850 2012 contra
880 1980 930 2010 se
960 1972 1007 2010 et
1040 1963 1295 2030 imperium
1339 1980 1480 2011 suum
1519 1962 1672 2010 moliti

264 2050 390 2086 sunt.

329 2117 602 2178 Dimiserat‚
626 2118 693 2164 uti
719 2117 947 2179 diximus,
973 2117 1035 2165 ad
1057 2117 1516 2165 administrationem
1539 2118 1674 2181 ejus—

265 2194 377 2242 dem
400 2195 650 2242 comitatus
670 2194 806 2241 illum
823 2195 1155 2256 Hachenbaclz,
1187 2194 1275 2242 sibi
1302 2194 1506 2242 multum
1528 2194 1674 2242 dilec-

265 2281 383 2319 tum.
403 2273 497 2330 Qui
518 2271 668 2319 homo
685 2272 899 2334 stolidus,
924 2273 1050 2320 ferus
1066 2282 1208 2337 atque
1223 2272 1428 2320 nimium
1444 2272 1671 2332 insolens,

265 2350 315 2395 in
335 2358 521 2396 tantum
548 2358 786 2396 tumorem
816 2349 1050 2414 superbiae
1071 2358 1213 2413 atque
1235 2350 1516 2413 arrogantiae
1540 2364 1677 2396 evec-

269 2435 341 2472 tus
362 2435 488 2487 erat,
522 2435 600 2484 ut,
625 2442 726 2472 non
750 2425 898 2472 modo
929 2425 1130 2472 subditis
1151 2425 1364 2489 ejusdem
1394 2426 1672 2485 comitatus,

267 2501 350 2547 sed
394 2512 440 2549 et
490 2503 908 2566 Argentinensibus
949 2511 996 2549 et
1035 2503 1365 2549 Basiliensibus
1403 2503 1676 2565 caeterisque

268 2577 477 2625 finitimis
516 2580 707 2644 populis
738 2589 783 2626 et
810 2579 1055 2644 potissime
1084 2580 1380 2626 Suitensibus
1399 2617 1410 2637 ‚
1444 2581 1526 2642 qui
1562 2578 1677 2624 olim

267 2652 463 2700 Helvetii
506 2654 930 2720 nuncupabantur,
965 2654 1104 2702 valde
1154 2655 1435 2702 redderetur
1486 2668 1673 2701 exosus.

324 2810 338 2845 1
353 2837 360 2844 .
394 2808 519 2846 ΡΙυῑόῑ
539 2822 616 2845 suo.
