2054 3470
393 345 469 381 376
747 340 1088 378 HISTORIARUM
1112 339 1349 377 LUDOVICI
1374 340 1431 376 XI

392 432 598 496 plateam
620 429 793 477 scilicet
819 445 924 492 quae
950 427 1362 475 Sancti-Johannis
1392 428 1440 474 in
1463 427 1635 474 Gravia
1659 427 1799 490 vulgo

393 509 735 573 nuncupatur¹.
769 509 880 552 Erat
905 515 1066 552 autem
1089 504 1182 551 illic
1203 505 1331 552 velut
1347 504 1553 551 tribunal
1576 520 1800 568 magnum

392 595 439 632 et
461 585 610 632 altum
631 584 678 629 in
704 581 864 629 medio
885 591 1172 628 exstructum
1196 592 1244 629 et
1265 591 1474 629 erectum
1499 598 1610 628 cum
1640 581 1801 645 gradi-

392 660 483 707 bus
497 696 509 718 ,
536 670 589 706 ut
611 658 672 705 ad
694 658 842 722 ipsius
863 657 1051 705 culmen
1071 657 1394 719 scanderetur,
1418 658 1530 705 satis
1555 656 1802 721 magnifice

392 737 452 784 de
478 737 608 799 ligno
632 734 928 781 fabricatum.
957 735 1128 780 Pannis
1157 735 1351 798 quidem
1381 735 1440 782 de
1472 735 1633 782 veluto
1665 736 1802 798 nigro

391 814 457 860 ita
483 813 687 860 velatum
714 811 1031 874 vestitumque
1055 821 1171 868 erat,
1202 821 1254 858 ut
1285 812 1440 875 lignea
1466 812 1689 859 machina
1711 813 1803 859 mi-

391 890 519 936 nime
542 897 835 936 cerneretur.

458 970 577 1014 Cum
601 966 743 1030 igitur
770 965 831 1012 ad
860 981 1103 1011 summum
1131 982 1285 1029 usque
1306 965 1505 1029 hujusce
1527 966 1630 1012 altae
1652 974 1802 1012 struc-

392 1055 509 1091 turae
525 1081 536 1101 ,
563 1060 671 1089 cum
697 1043 779 1100 iis,
811 1042 893 1106 qui
923 1041 1388 1105 eumXadduxerann
1413 1042 1801 1100 conscendisset’,

392 1121 512 1168 lecta
543 1130 614 1166 est
644 1119 835 1184 publice
865 1119 1099 1166 confessio
1129 1129 1176 1165 et
1202 1119 1543 1167 condemnatio
1567 1120 1666 1183 ejus
1682 1157 1695 1180 ,
1720 1136 1805 1167 au-

393 1196 633 1244 dientibus
678 1197 887 1256 cunctis,
933 1196 1016 1260 qui
1059 1197 1255 1261 propius
1293 1195 1480 1243 adstare
1522 1196 1799 1260 potuissent.

395 1276 512 1320 Nam
539 1273 601 1320 ad
631 1273 952 1338 spectaculum
980 1273 1340 1331 contuendum,
1362 1273 1439 1320 cui
1464 1273 1615 1319 simile
1649 1272 1807 1319 multis

395 1360 521 1397 retro
560 1350 772 1410 aetatibus
804 1351 999 1397 minime
1025 1352 1179 1398 visum
1202 1369 1285 1399 seu
1308 1351 1526 1399 auditum
1549 1350 1804 1409 serebatur,

394 1427 754 1475 innumerabilis
773 1445 906 1493 paene
923 1429 1079 1475 omnis
1096 1429 1296 1489 ordinis,
1315 1430 1460 1476 aetatis
1479 1438 1525 1476 et
1541 1446 1678 1476 sexus
1694 1429 1811 1475 mul-

395 1505 550 1552 titudo
585 1515 908 1553 concurrerat.
936 1508 1003 1552 Ea
1026 1516 1187 1553 autem
1220 1524 1305 1554 sua
1326 1507 1558 1554 sententia
1584 1524 1641 1553 ex
1669 1507 1810 1569 gestis

397 1582 597 1647 publicis
622 1583 837 1643 recitata,
868 1582 1012 1629 veluti
1033 1593 1389 1642 exauctoratus,
1416 1583 1639 1631 omnibus
1667 1582 1810 1630 officii

397 1661 612 1723 insigniis
639 1677 725 1724 per
754 1677 866 1706 eum
895 1660 1231 1721 administrati,
1260 1661 1432 1708 monili·
1452 1661 1595 1707 etiam
1627 1660 1810 1723 torquis

397 1754 575 1793 aureae,
609 1754 702 1801 qua
742 1754 820 1783 rex
857 1754 967 1784 eum
1002 1738 1356 1801 insigniendum
1392 1738 1617 1796 duxerat,
1655 1736 1807 1783 nuda·

400 1824 474 1860 tus
499 1825 584 1861 est.
1412 1862 1416 1866 .

463 1895 522 1938 Et
543 1909 774 1956 eousque,
802 1893 870 1939 uti
892 1891 1099 1951 aiebant,
1125 1892 1283 1940 adhuc
1307 1892 1366 1939 de
1388 1890 1724 1954 consequenda
1743 1908 1813 1938 re-

399 1971 467 2032 gis
489 1971 636 2033 gratia
660 1986 760 2016 non
789 1969 1085 2033 desperarat‚
1114 1970 1231 2033 quin
1269 1968 1387 2028 sibi,
1418 1968 1586 2015 talibus
1610 1968 1813 2030 ignomi-

400 2048 479 2094 nia
502 2057 550 2094 et
571 2047 748 2111 probro
774 2062 921 2109 usque
942 2046 1004 2092 ad
1027 2046 1284 2101 idaffecto,
1304 2045 1612 2106 satisfactum,
1633 2044 1813 2108 absque

400 2125 619 2189 supplicii
643 2123 1076 2183 consummatione,
1102 2110 1405 2184 confideret³.
1435 2126 1611 2169 Verum
1637 2138 1747 2168 cum
1764 2139 1813 2168 se

402 2202 467 2248 ita
485 2210 841 2248 exauctoratum
859 2210 907 2246 et
923 2201 1056 2246 omni
1075 2200 1329 2264 spoliatum
1348 2198 1534 2246 honore
1553 2199 1810 2264 prospexit,

397 2278 495 2342 jam
520 2277 650 2324 nulla
674 2276 762 2323 sibi
784 2276 844 2324 de
861 2276 1201 2340 consequenda
1222 2278 1359 2324 venia
1382 2294 1490 2342 spes
1508 2276 1735 2323 remansit
1749 2275 1816 2322 ul-

404 2354 575 2412 terius3
603 2353 685 2399 sed
711 2352 771 2399 de
807 2353 1079 2417 temporalis
1110 2353 1214 2399 vitae
1248 2353 1584 2417 prorogatione
1618 2368 1815 2416 prorsus

457 2530 474 2565 1
486 2557 495 2567 .
526 2529 709 2565 L’auteur
728 2525 894 2563 confond
914 2525 962 2563 ici
980 2526 1017 2563 la
1037 2525 1144 2576 place
1165 2525 1213 2563 de
1230 2525 1371 2572 Grave,
1390 2524 1510 2562 situee
1523 2523 1664 2562 devant
1682 2523 1815 2563 l'hotel

403 2587 452 2625 de
470 2586 584 2634 ville,
606 2598 699 2623 avec
717 2585 863 2636 l'eglise
887 2584 934 2623 de
954 2586 1174 2623 Saint-Jean
1201 2598 1248 2623 en
1271 2585 1420 2629 Greve,
1444 2583 1510 2633 qui
1536 2582 1627 2620 etait
1645 2583 1816 2621 deri-iere

403 2656 463 2685 cet
482 2646 598 2684 hotel.
621 2647 720 2685 C’est
737 2658 804 2682 sur
822 2645 858 2682 la
878 2646 986 2697 place
1005 2646 1053 2683 de
1073 2646 1199 2684 Greve
1217 2658 1293 2696 que
1311 2644 1539 2682 l'exe'cution
1559 2651 1625 2681 eut
1642 2642 1733 2684 lieu,

459 2709 497 2745 2.
529 2708 559 2744 Il
582 2705 639 2743 fut
654 2704 790 2743 amene
810 2718 881 2756 par
900 2718 975 2743 une
996 2706 1139 2743 fenetre
1157 2704 1205 2743 de
1225 2704 1355 2742 l’hotel
1377 2703 1424 2741 de
1443 2703 1548 2741 ville.

460 2769 498 2804 3.
533 2783 551 2800 α
573 2765 604 2803 ΙΙ
625 2777 673 2803 ne
691 2763 836 2802 cuidoit
853 2765 960 2816 point
977 2778 1053 2816 que
1067 2767 1102 2803 le
1117 2778 1188 2815 roy
1203 2778 1252 2802 ne
1271 2777 1311 2801 sa
1324 2763 1460 2811 justice
1474 2762 1510 2801 le
1525 2762 1706 2801 deussent
1719 2762 1815 2800 faire

407 2826 568 2863 mom-ir.
592 2841 611 2859 n
633 2824 775 2863 Chron.
798 2823 928 2862 scand.
