2054 3470
689 331 836 369 LIBER
858 330 1128 370 SECUNDUS.
1541 332 1560 368 1
1569 331 1620 370 23

209 422 412 486 regiam,
446 420 496 467 in
531 434 629 483 qua
663 433 745 464 rex
781 427 880 464 erat
897 453 910 476 ,
949 427 995 464 et
1032 418 1306 466 transmissa
1343 420 1588 481 Sequana¹
1606 454 1618 477 ,

209 513 362 551 castra
382 516 467 549 sua
487 499 658 547 locavit
680 514 844 546 comes
866 498 927 545 de
950 497 1196 545 Charolois
1212 514 1365 564 prope
1390 508 1624 545 monaste-

211 580 342 628 rium
364 576 748 637 Sancti-Mauri'‚
790 592 924 623 more
959 576 1099 640 periti
1126 576 1360 622 exercitus
1393 575 1528 623 ducis
1568 590 1624 621 ea

210 655 334 704 vallo
370 663 419 702 et
455 652 697 712 curribus,
729 668 851 716 quos
885 652 1116 717 plurimos
1155 651 1389 711 habebat,
1428 650 1626 698 solerter

211 731 557 781 cenomanicus.
601 732 710 776 Dux
746 745 862 777 vero
899 729 1149 776 Britonum
1194 745 1306 776 cum
1342 729 1439 775 suis
1474 728 1626 793 copiis

211 806 368 856 villam
387 804 784 869 Sancti-Dionysii
809 821 898 870 pro
919 804 1083 851 castris
1105 803 1336 863 habebat3
1369 804 1447 850 cui
1477 803 1626 850 socia-

209 885 384 934 bantur
404 882 483 930 alii
505 883 768 948 principes,
797 898 919 947 saepe
939 898 998 928 ex
1022 881 1125 930 aliis
1150 881 1211 929 ad
1230 880 1323 931 alia
1349 897 1446 928 suae
1467 880 1628 928 factio-

209 962 283 1010 nis
298 970 450 1014 castra
477 969 790 1007 transeuntes
814 959 950 1006 Vires
971 969 1132 1006 tamen
1160 969 1209 1006 et
1234 958 1449 1024 potentia
1478 958 1628 1022 majo-

210 1054 286 1086 res
314 1037 469 1085 multo
490 1037 538 1084 in
561 1037 726 1085 castris
748 1046 794 1084 et
826 1036 1034 1084 exercitu
1068 1037 1255 1084 comitis
1285 1035 1345 1083 de
1384 1035 1630 1082 Char-olcis

211 1123 366 1163 erant.

275 1194 387 1239 Erat
425 1192 584 1256 itaque
606 1207 688 1238 rex
710 1191 833 1238 intra
864 1189 1035 1237 urbem
1074 1205 1207 1237 suam
1243 1191 1443 1253 regiam,
1469 1187 1631 1235 multis

211 1278 504 1318 armatorum
524 1269 723 1334 stipatus
749 1267 980 1328 millibus;
1013 1268 1253 1332 principes
1272 1284 1387 1314 vero
1419 1266 1631 1332 praedicti

212 1363 271 1394 ex
298 1362 397 1394 una
427 1355 614 1393 tantum
649 1345 859 1392 fluminis
899 1355 1035 1410 parte
1073 1356 1228 1393 castra
1268 1346 1432 1393 metati
1471 1354 1626 1392 erant.

214 1426 337 1472 Cum
366 1422 542 1488 quibus
575 1422 639 1469 ad
671 1432 913 1469 certamen
950 1422 1206 1486 congredi,
1237 1423 1382 1487 signis
1418 1423 1626 1479 collatis,

214 1516 304 1548 nec
331 1500 634 1560 consultum,
659 1516 749 1546 nec
772 1500 882 1546 satis
904 1509 1061 1546 tutum
1083 1499 1173 1546 sibi
1201 1517 1283 1547 rex
1314 1499 1627 1547 existimabat.

216 1581 472 1626 Nutantem
492 1577 624 1624 enim
645 1576 907 1624 multorum
927 1575 1072 1624 fidem
1094 1587 1194 1625 erat
1216 1587 1464 1642 expertus;
1491 1576 1633 1641 longe

217 1666 340 1702 vero}
355 1654 593 1720 plurium,
630 1670 719 1701 nec
755 1663 1016 1701 mutantem
1049 1654 1246 1718 quidem
1264 1692 1277 1715 ,
1303 1654 1384 1701 sed
1411 1654 1635 1719 principi-

217 1732 310 1780 bus
343 1731 515 1778 affectu
548 1730 871 1778 adhaerentem
899 1732 1009 1778 satis
1033 1732 1297 1796 suspicatus
1325 1749 1335 1777 :
1374 1731 1633 1796 praesertim

218 1810 283 1858 ob
317 1809 471 1856 fratris
501 1810 573 1855 sui
608 1809 907 1874 praesentiam
930 1808 1040 1873 qui,
1068 1808 1133 1855 ob
1166 1808 1216 1855 id
1238 1808 1373 1872 quod
1397 1808 1634 1872 quodam-

216 1886 365 1934 modo
390 1886 440 1933 in
474 1902 559 1934 sua
589 1886 775 1951 egregia
799 1885 964 1933 indole
998 1885 1146 1952 patris
1168 1885 1400 1932 referebat
1421 1885 1632 1950 pruden-

215 1963 329 2013 tiam
351 1972 399 2012 et
420 1963 723 2028 gravitatem,
749 1961 923 2010 charus
946 1961 1211 2010 admodum
1234 1961 1449 2027 plurimis
1484 1961 1634 2010 habe·

215 2040 372 2091 batum

283 2124 446 2168 Fertur
467 2120 610 2168 etiam
643 2120 777 2185 quod
815 2120 979 2167 omnia
1015 2136 1096 2166 rex
1133 2128 1293 2183 ageret
1330 2135 1387 2166 ex
1416 2119 1635 2166 consulto

219 2198 506 2256 Francisci³,
534 2207 650 2245 tunc
669 2197 1034 2245 Mediolanensis
1058 2198 1214 2259 ducis,
1242 2197 1330 2245 viri
1350 2214 1510 2244 rerum
1538 2197 1637 2245 bel-

217 2275 417 2327 licarum
442 2285 514 2335 et,
543 2292 649 2339 quae
681 2275 731 2322 in
754 2275 936 2324 eisdem
964 2274 1107 2322 rebus
1142 2291 1265 2340 saepe
1295 2275 1546 2340 practicari
1567 2291 1639 2322 as-

219 2351 395 2421 solent,
436 2361 822 2417 stratagematum
859 2352 1027 2416 procu]
1066 2351 1215 2398 dubio
1252 2353 1561 2416 expertissimi
1591 2360 1638 2398 et

274 2528 315 2566 1.
339 2526 372 2566 ΙΙ
389 2526 556 2566 faudrait
573 2530 756 2566 Matmna
773 2541 823 2566 au
838 2527 918 2565 lieu
934 2527 983 2566 de
1001 2528 1193 2577 Sequana.
1212 2525 1459 2577 L'operation
1479 2525 1531 2563 du
1551 2537 1639 2576 pas-

223 2598 314 2637 sage
334 2585 383 2623 de
399 2586 438 2624 la
455 2587 568 2626 Scine
585 2587 677 2625 etait
695 2587 780 2636 deja
802 2586 988 2625 ancienne
1003 2595 1040 2624 et
1059 2586 1148 2624 faite
1168 2586 1247 2623 loin
1266 2585 1314 2623 de
1333 2585 1455 2625 Paris.
1476 2584 1556 2622 Elle
1572 2591 1638 2621 eut

222 2644 301 2683 lieu
317 2644 355 2683 le
372 2648 399 2684 5
415 2647 506 2684 amit
524 2648 548 2685 a
563 2649 704 2687 Moret.
720 2649 776 2685 La
793 2649 927 2684 Marne
948 2645 1005 2684 sut
1024 2646 1157 2697 passee
1176 2645 1214 2684 le
1232 2647 1283 2683 20
1300 2646 1392 2683 a01⁴1t
1411 2659 1462 2683 au
1478 2651 1574 2697 pont
1589 2643 1638 2680 de

223 2703 453 2744 Charenton.
474 2705 634 2757 Lenglet
649 2706 881 2755 Dufresnoy,
908 2708 1129 2754 commines,
1150 2714 1177 2743 t.
1200 2708 1253 2752 11,
1274 2719 1314 2756 p.
1338 2706 1430 2742 184.

278 2764 317 2800 2.
345 2766 376 2800 A
397 2762 637 2802 saint-Maur
654 2764 710 2802 les
727 2764 876 2803 Fosses.

279 2823 316 2860 3.
348 2821 528 2871 Francois
549 2822 694 2862 Sforce.
716 2826 813 2873 Voy.
836 2823 1047 2871 ci-dessus,
1073 2837 1111 2874 p.
1135 2825 1201 2862 95.
