2054 3470
714 339 859 376 unm
907 338 1134 386 Qunvms,
1559 339 1636 375 373

220 443 327 474 rum
350 442 509 489 regem
531 425 844 488 Lotharingiae
865 424 1004 481 duci,
1029 424 1138 472 satis
1162 424 1434 489 propinqua
1457 441 1635 488 cogna-

219 501 360 547 tionis
375 500 499 547 linea
518 501 587 564 (in
603 499 750 564 gradu
766 499 943 546 scilicet
957 499 1097 545 tertio
1114 515 1173 545 ex
1190 508 1406 545 materno
1423 499 1637 562 genere’)

218 594 267 625 se
280 578 518 636 attinenti,
536 577 620 640 qui
637 585 684 623 et
695 576 864 623 in·haec
882 575 1079 623 adversa
1098 573 1163 622 ob
1175 589 1368 621 causam
1383 574 1455 620 sui
1479 574 1637 621 incur-

219 663 343 703 rerat
355 692 369 714 ,
390 664 444 701 ut
463 670 606 718 supra
626 653 873 700 retulimus
889 689 901 711 ,
927 651 1005 699 alii
1024 652 1264 699 Suitenses
1284 661 1332 698 et
1355 651 1421 698 eis
1442 650 1636 699 foedera-

219 741 291 778 tos
302 769 315 791 ‚
332 732 403 779 vel
421 739 647 794 utrosque
662 767 675 792 ,
692 730 766 777 vel
782 730 1032 776 alterutros
1048 766 1059 787 ,
1077 745 1176 775 non
1196 728 1442 775 defuturos
1460 728 1635 774 auxilio

217 807 649 870 ad-Lotharingiam
671 806 928 867 tuendam,
951 807 1080 853 nein
1103 821 1274 852 manus
1290 814 1336 852 et
1350 814 1634 869 potestatem

216 885 349 933 ducis
372 885 657 948 Burgundiae
688 884 951 932 deveniret.
976 886 1080 931 Hoc
1111 883 1238 930 enim
1263 899 1361 929 non
1387 883 1633 930 modicum

217 962 537 1010 formidabant
567 965 862 1009 Ferretenses
901 971 1043 1026 atque
1081 960 1444 1024 Argentinenses
1477 969 1525 1007 et
1555 961 1634 1007 alii

216 1040 403 1087 finitimi
439 1040 702 1087 Germaniae
726 1039 890 1105 populi
923 1039 1105 1103 ipsique
1127 1039 1394 1099 Suitenses,
1423 1039 1506 1101 qui
1533 1037 1633 1085 haec

214 1126 383 1163 contra
405 1132 454 1164 se
477 1117 632 1180 parari
653 1132 751 1162 non
774 1115 1086 1180 ignorabant,
1116 1132 1227 1162 cum
1251 1131 1308 1161 ex
1329 1114 1633 1177 Lotharingia

217 1193 350 1240 facile
373 1194 435 1241 ad
459 1182 597 1258 agros
629 1196 920 1240 Ferretenses
940 1203 987 1240 et
1015 1193 1195 1240 Alsatiae
1218 1191 1391 1239 ducem
1418 1196 1632 1255 Burgun-

215 1269 305 1317 diae
323 1271 487 1336 copias
510 1287 617 1318 suas
637 1287 776 1336 posse
798 1271 1047 1318 effundere
1072 1270 1401 1335 praeviderent.

279 1345 374 1392 Sed
401 1345 473 1391 his
501 1362 599 1392 non
625 1344 924 1392 obstantibus
953 1346 1094 1391 minis
1117 1345 1372 1408 multisque
1395 1354 1443 1390 et
1461 1344 1628 1403 variis,

215 1421 370 1484 quide
383 1421 718 1485 hujuscemodi
732 1421 1059 1480 versabantur,
1077 1421 1369 1478 rumoribus,
1384 1421 1445 1468 ad
1456 1422 1633 1485 perfec-

215 1507 317 1545 tum
338 1515 488 1562 usque
510 1498 730 1564 perduxit
751 1495 848 1546 dux
870 1500 970 1564 ipse
999 1498 1278 1562 Burgundiae
1306 1508 1631 1562 conquaestum

216 1575 527 1638 Lotbaringiae
545 1585 592 1622 et
608 1576 861 1645 comitatus
875 1576 1451 1630 Validorum-Montium’,
1469 1575 1631 1639 eisque

213 1652 422 1716 priorem
443 1669 764 1717 possessorem
785 1654 928 1700 armis
948 1654 1127 1718 expulit
1150 1663 1197 1699 et
1219 1661 1454 1699 exsortem
1474 1652 1632 1698 reddi-

212 1729 305 1789 dit,
331 1731 494 1795 paucis
521 1730 747 1778 duntaxat
777 1731 981 1795 demptis
1010 1730 1237 1787 castellis,
1259 1746 1363 1794 quae
1394 1728 1536 1793 paulo
1560 1746 1632 1776 re-

213 1807 387 1854 motius
405 1808 455 1854 in
477 1809 639 1871 lingua
661 1818 709 1855 et
733 1809 927 1855 natione
950 1807 1217 1854 Germaniae
1238 1806 1520 1853 consistunt.

278 1886 427 1931 Porro
449 1884 626 1932 interea
652 1885 770 1930 dum
792 1885 841 1931 in
871 1884 999 1931 dicta
1025 1883 1335 1947 Lotharingiae
1358 1893 1627 1947 conquaesta

211 1959 504 2008 detineretur
526 1970 786 2024 occupatus
825 1962 924 2026 ipse
947 1961 1068 2018 dux,
1093 1976 1175 2006 seu
1214 1969 1265 2006 ut
1294 1976 1404 2006 eum
1435 1977 1520 2024 per
1549 1961 1629 2006 in-

213 2035 444 2084 directum
483 2055 511 2085 a
546 2038 676 2085 dicto
702 2055 848 2102 opere
883 2037 976 2085 alio
1009 2046 1290 2084 revocarent
1323 2038 1466 2100 (cum
1496 2038 1630 2085 aliter

218 2113 527 2178 Lotharingiae
562 2116 779 2163 viderent
810 2132 859 2162 se
897 2132 1011 2172 non⁴
1032 2131 1172 2179 posse
1195 2113 1508 2177 subvenire),
1545 2132 1627 2162 seu

212 2189 302 2236 alia
325 2207 628 2255 quacumque
655 2193 867 2252 ratione,-
887 2184 1206 2257 ‘irruptionem
1231 2192 1530 2256 repentinam
1564 2192 1631 2239 fe-

213 2277 381 2313 cerunt
417 2268 656 2315 Suitenses
692 2270 739 2315 in
777 2285 915 2331 agros
949 2278 996 2315 et
1033 2268 1211 2333 oppida
1244 2267 1514 2328 Sabaudiae‚
1547 2270 1630 2332 qui

214 2344 411 2390 vicinius
432 2345 652 2407 adjacent
678 2345 803 2392 lacui
829 2348 1095 2402 Lemanno,
1120 2345 1168 2391 in
1197 2361 1340 2408 quem
1371 2344 1631 2393 Rhodanus

213 2420 366 2468 influit
386 2433 431 2468 et
465 2423 578 2469 inde
601 2423 744 2469 etiam
766 2422 886 2482 exit,
908 2423 958 2468 in
983 2422 1170 2469 civitate
1191 2421 1496 2469 Gebennensi
1514 2424 1543 2468 ³.
1574 2425 1629 2469 Et

268 2578 305 2614 1.
336 2577 458 2615 Marie
493 2577 680 2630 d'Anjou,
710 2579 816 2616 mere
841 2578 889 2617 de
921 2579 1038 2618 Louis
1057 2581 1136 2628 XI,
1167 2579 1259 2618 &tait
1288 2579 1325 2618 la
1358 2592 1500 2632 propre
1527 2586 1629 2615 tante

214 2634 430 2674 d'Yolande
448 2636 630 2685 d'Anjou,
647 2639 754 2676 mere
772 2637 825 2675 du
844 2638 933 2676 duc.

265 2696 304 2732 Ξ.
336 2697 389 2732 Le
409 2708 480 2734 ms,
506 2696 632 2743 ajoute
649 2710 714 2734 seu
731 2700 781 2734 de
803 2697 1202 2747 flammas-Montium,
1223 2700 1290 2750 qui
1320 2698 1476 2749 indique
1501 2696 1630 2734 l’hesi-

216 2753 332 2790 tation
353 2754 400 2791 de
423 2755 589 2793 l'auteur
605 2769 672 2793 sur
690 2756 727 2794 la
746 2757 868 2794 forme
889 2757 1006 2795 latine
1025 2758 1077 2795 du
1096 2771 1187 2795 nom
1206 2758 1255 2796 de
1273 2756 1527 2794 Vaudemont.

268 2814 306 2850 3.
338 2813 509 2851 Geneve.
