2054 3470
391 370 469 406 400
753 368 1096 406 HISTORIARUM
1121 369 1359 408 LUDOVICI
1388 371 1445 407 XI

871 547 1210 593 CAPITULUM
1244 548 1322 593 lx.

390 677 547 720 Qualiter
572 676 669 712 idem
697 675 772 711 dux
795 677 1004 725 Nanceyum
1030 678 1268 724 recuperavit3
1289 687 1323 713 et
1347 678 1392 713 de
1412 679 1580 726 angustiis
1605 680 1742 726 magnis
1764 680 1803 713 in

437 731 564 776 quibus
585 730 776 777 implicitus
801 739 875 764 erat
898 740 1002 777 atque
1026 728 1188 766 detentus
1205 740 1291 767 tunc
1313 732 1484 779 temporis
1507 732 1804 780 Burgundionum

436 783 522 828 dux,
543 784 581 817 in
603 796 665 818 sua
681 784 848 818 exsistens
862 783 1083 831 Burgundia;
1104 793 1137 819 et
1151 784 1196 819 de
1210 785 1451 820 inobedientia
1466 795 1500 821 et
1522 798 1704 822 murmure
1723 799 1804 822 suo-

435 850 517 871 rum
530 836 756 871 subditorum
770 845 893 872 contra
907 850 956 872 se.

455 959 616 1020 Ipsum
650 956 793 1020 igitur
833 955 1146 1020 Lotharingiae
1186 958 1281 1005 dux
1327 958 1577 1007 obsidione
1619 960 1767 1024 cingit
1787 995 1800 1019 ,

389 1033 589 1080 collecta
630 1050 687 1080 ex
722 1033 845 1096 agris
878 1043 925 1079 et
952 1034 1153 1081 castellis
1187 1036 1528 1098 Lotharingiae,
1562 1053 1675 1084 cum
1709 1039 1805 1084 suis

390 1104 674 1152 militaribus
718 1106 831 1151 viris
847 1140 861 1163 ‚
901 1106 1209 1154 multitudine
1251 1108 1362 1154 satis
1403 1108 1615 1172 copiosa.
1659 1107 1807 1165 Quod

389 1199 502 1228 cum
525 1184 635 1229 satis
660 1182 841 1229 exiliter
863 1192 910 1228 et
929 1199 1124 1231 annona
1146 1193 1194 1231 et
1214 1185 1418 1232 militum
1440 1185 1658 1249 praesidio
1682 1196 1804 1233 esset

390 1260 730 1324 praemunitum
745 1297 757 1320 ,
782 1276 884 1306 non
907 1260 1110 1307 multum
1131 1270 1241 1325 post
1260 1298 1272 1322 ‚
1299 1261 1593 1309 deditionem
1616 1261 1766 1308 fecit¹.

454 1343 562 1387 Dux
587 1357 702 1388 vero
734 1340 1019 1404 Burgundiae
1044 1357 1154 1387 cum
1177 1341 1318 1388 fratre
1340 1358 1448 1403 suo,
1472 1341 1677 1389 Antonio
1698 1339 1807 1388 bas-

391 1417 555 1479 tardo‚
583 1417 669 1464 has
690 1417 782 1464 sibi
802 1418 1074 1481 ingruentes
1093 1411 1255 1464 ruinas
1277 1417 1591 1482 contemplari
1611 1417 1808 1482 quidem

389 1506 436 1542 et
457 1497 730 1561 prospicere
754 1506 969 1561 poterat3
993 1496 1078 1543 sed
1096 1512 1245 1560 parvo
1270 1495 1534 1543 admodum
1552 1494 1808 1542 collectitio

390 1574 537 1621 milite
571 1574 794 1639 stipatus,
832 1575 915 1638 qui
949 1573 1263 1621 verisimiliter
1290 1575 1341 1620 in
1375 1590 1631 1638 congressu
1653 1572 1715 1619 ad
1738 1572 1810 1620 fu-

389 1668 498 1715 gam
524 1653 685 1716 potius
701 1687 713 1711 ,
743 1668 888 1716 quam
914 1652 1262 1699 conserendam
1284 1668 1483 1700 manum
1506 1668 1618 1698 cum
1649 1650 1806 1708 hoste,

388 1730 600 1793 paratior
626 1739 727 1776 erat
749 1729 936 1776 futurus
951 1765 964 1789 ,
990 1747 1081 1776 nec
1101 1730 1313 1777 remedia
1330 1729 1445 1776 dare
1463 1766 1476 1791 ,
1498 1745 1588 1776 nec
1606 1727 1810 1775 obsessis

389 1808 646 1857 subvenire
666 1809 869 1858 valebat.
903 1813 1015 1857 Erat
1037 1810 1215 1874 quippe
1241 1826 1295 1855 ex
1325 1807 1648 1873 superioribus
1669 1805 1811 1853 cladi-

389 1889 480 1936 bus
510 1900 639 1937 totus
668 1908 802 1955 paene
841 1892 1133 1938 exanimatus
1164 1900 1211 1937 et
1243 1888 1423 1936 viribus
1450 1888 1730 1946 exhaustus3
1762 1895 1810 1933 et

391 1967 546 2031 (quod
571 1985 671 2015 non
694 1984 867 2033 parum
890 1968 1132 2028 anxietati,
1159 1966 1403 2013 formidini
1431 1975 1574 2028 atque
1593 1962 1808 2029 periculo

392 2045 513 2107 erat)
538 2045 754 2108 undique
777 2046 843 2092 ita
864 2045 1000 2092 terris
1022 2042 1273 2090 hostilibus
1295 2041 1585 2099 vallabatur,
1611 2050 1682 2100 ut,
1718 2056 1810 2087 nec

391 2136 418 2166 e
454 2122 730 2185 Burgundia
767 2122 953 2186 uspiam
985 2120 1247 2185 proficisci,
1279 2121 1371 2167 nisi
1400 2119 1523 2166 ferro
1554 2118 1646 2165 sibi
1681 2119 1828 2173 viam,

392 2199 597 2263 aperiret
615 2235 628 2260 ‚
650 2214 740 2244 nec
766 2198 827 2245 ad
852 2215 966 2245 eum
988 2198 1223 2262 quispiam
1245 2213 1302 2245 ex
1323 2197 1427 2244 aliis
1449 2197 1545 2244 suis
1566 2196 1702 2243 terris
1731 2211 1809 2243 ac-

393 2275 562 2323 cedere
585 2286 760 2341 posset.

461 2355 721 2418 Postquam
754 2353 882 2399 enim
916 2351 1164 2399 infeliciter
1195 2353 1347 2400 victus
1377 2351 1508 2417 apud
1535 2355 1724 2411 Morat,
1743 2351 1808 2397 >in

395 2447 528 2478 suam
564 2429 886 2493 Burgundiam
920 2429 1194 2493 aufugerat,
1222 2430 1381 2476 statim
1403 2438 1487 2475 rex
1514 2427 1679 2475 videns
1710 2427 1809 2474 du—

395 2509 566 2555 cissam
587 2506 859 2566 Sabaudiae,
890 2523 1107 2554 sororem
1129 2523 1264 2553 suam
1285 2544 1297 2567 ‚
1327 2518 1380 2553 ut
1403 2521 1547 2570 supra
1568 2505 1772 2552 diximus
1790 2541 1804 2566 ‚

396 2586 539 2632 fuisse
562 2583 844 2641 abductam,
870 2585 1070 2631 nomine
1088 2594 1320 2649 nepotum
1345 2599 1545 2630 suorum
1564 2584 1808 2630 minorum

396 2663 560 2722 annis,
582 2662 727 2708 totius
750 2661 997 2708 Sabaudiae
1018 2671 1065 2708 et
1081 2660 1487 2708 Pedis-Montium
1509 2661 1690 2725 accepit
1714 2660 1810 2707 tui-

396 2741 577 2786 tionem
621 2748 668 2786 et
706 2738 1127 2801 gubernationem,
1151 2739 1214 2785 ita
1248 2738 1381 2805 quod
1415 2738 1536 2801 regis
1575 2738 1770 2784 nomine
1792 2773 1804 2797 ‚

449 2862 487 2901 1.
521 2860 591 2898 Fin
610 2859 658 2898 de
680 2857 897 2910 septembre
917 2860 1033 2896 1476.
