2054 3470
734 361 880 398 LIBER
904 359 1122 396 TERTIUS.
1558 360 1629 395 261

228 468 327 499 non
351 449 551 515 ignorati
574 447 673 495 doli
708 456 754 494 et
792 445 1175 493 machinamenta
1200 461 1311 492 eum
1343 445 1478 492 aliter
1499 461 1637 509 agere

229 529 506 593 coegissent.

715 713 1058 759 CAPITULUM
1091 714 1149 758 X.

231 853 285 888 De
305 848 427 898 prelio
448 847 638 882 commisso
660 847 805 882 Paschae
828 846 906 891 die,
934 847 972 882 in
999 861 1071 894 quo
1085 875 1096 895 ‚
1121 848 1267 884 cedente
1282 849 1431 886 victoria
1447 849 1617 886 Edoardo
1633 877 1643 895 ‚

301 915 417 939 eomes
438 901 483 937 de
500 901 654 938 Warvicln
664 928 674 945 ,
693 913 776 936 cum
791 902 911 937 multis
925 914 1070 937 suarum
1085 903 1239 950 partium
1249 931 1259 949 ‚
1276 903 1466 939 exstinctus
1482 912 1532 939 est
1545 906 1554 924 '
1564 931 1571 938 .

295 1025 416 1070 Cum
447 1021 587 1087 igitur
621 1020 844 1068 illuxisset
883 1021 1223 1073 sacratissimus
1263 1022 1364 1070 dies
1394 1022 1647 1070 dominicae

232 1096 606 1159 resurrectionis,
649 1100 733 1163 qui
767 1116 863 1146 xiv.
900 1099 1116 1163 ejusdem
1149 1101 1324 1147 mensis
1359 1111 1478 1160 erat,
1505 1117 1648 1148 mane

231 1181 392 1230 hostes
414 1197 527 1228 suos
552 1179 621 1243 (in
652 1177 826 1242 quibus
859 1178 1083 1242 praecipui
1107 1188 1244 1226 erant
1278 1178 1375 1226 dux
1403 1180 1646 1238 Oxoniae',

231 1275 394 1306 comes
437 1257 498 1305 de
539 1255 790 1316 Warmh,
850 1255 1064 1302 marchio
1105 1256 1459 1317 Montis-acuti,
1509 1257 1652 1304 frater

233 1353 347 1384 suus
359 1337 391 1395 ⁸,
418 1350 580 1382 comes
610 1334 837 1393 Oxoniae,
874 1333 1103 1380 dominus
1133 1333 1195 1380 dc
1223 1333 1567 1393 Bellomonte⁴‚
1605 1344 1652 1382 et

233 1414 395 1480 plures
437 1413 515 1460 alii
549 1427 787 1476 proceres,
833 1410 1004 1457 milites
1037 1420 1179 1475 atque
1211 1412 1400 1459 nobiles
1444 1412 1651 1477 partium

234 1501 330 1538 tam
354 1489 543 1537 Henrici
579 1504 725 1551 quam
756 1487 978 1533 Warviclz
1007 1487 1339 1535 studiosissimi
1363 1505 1418 1536 ac
1451 1490 1650 1536 tenacis-

236 1569 363 1632 simi)
399 1567 525 1615 bello
549 1566 747 1614 adortus
779 1574 868 1612 est.
894 1567 1017 1612 Cum
1048 1565 1246 1629 quibus,
1285 1582 1388 1614 sese
1411 1566 1583 1614 acriter
1605 1576 1652 1614 et

236 1647 447 1694 animose
473 1642 854 1701 defendentibus,
892 1642 1127 1690 dimicans
1154 1653 1346 1690 strenue
1389 1660 1444 1690 ac
1479 1653 1648 1708 poten-

235 1735 322 1783 ter,
349 1726 451 1770 Deo
474 1722 539 1768 ita
558 1721 765 1780 volente,
791 1719 1112 1785 pulcherrima
1135 1720 1317 1784 potitus
1335 1729 1406 1767 est
1427 1720 1647 1768 victoria.

235 1804 353 1848 Nam
370 1800 465 1847 illic
480 1799 584 1846 caesi
599 1798 790 1845 fuerunt
804 1797 882 1844 ille
895 1814 1096 1861 magnus
1108 1798 1263 1862 (quod
1282 1814 1405 1863 saepe
1423 1797 1652 1861 diximus)

234 1878 564 1944 proditionum
599 1875 906 1937 architectus,
946 1893 1108 1924 comes
1150 1877 1210 1923 de
1250 1876 1503 1937 Warviclz,
1540 1893 1651 1923 cum

235 1954 363 2003 dicto
399 1954 705 2013 marchione,
750 1953 889 2000 fratre
926 1970 1032 2014 suo,
1074 1951 1388 2018 pluribusque
1424 1954 1654 2002 militibus

236 2031 478 2079 nobilibus
518 2040 566 2078 et
600 2030 791 2095 populis
824 2031 1031 2095 partium
1065 2047 1286 2090 suarum3
1333 2032 1487 2078 caeteri
1534 2048 1651 2079 vero

237 2110 328 2157 fusi
351 2110 607 2173 fugatique,
635 2108 754 2171 fugae
777 2108 996 2173 praesidio
1019 2118 1286 2155 evaserunt.

302 2186 388 2232 Hic
403 2185 527 2246 finis,
548 2185 648 2231 haec
666 2201 862 2246 merces,
879 2184 975 2231 hoc
994 2184 1210 2232 debitum
1226 2184 1421 2250 praefato
1442 2187 1651 2233 maximo

238 2262 472 2327 proditori
497 2261 788 2326 stipendium
821 2261 932 2321 fuit3
973 2264 1056 2325 qui
1087 2263 1211 2310 dolis
1248 2272 1391 2327 atque
1414 2263 1653 2328 proditio-

241 2338 379 2386 nibus
402 2341 514 2399 suis,
537 2339 696 2385 civiles
718 2338 927 2403 primum
950 2339 1283 2399 dissensiones,
1314 2358 1399 2406 per
1420 2357 1538 2405 quas
1564 2342 1652 2388 suit

241 2417 471 2463 Henricus
497 2433 645 2480 regno
673 2415 837 2481 pulsus
862 2426 909 2463 et
933 2416 1182 2464 Edoardus
1205 2418 1254 2464 in
1274 2434 1435 2480 regem
1457 2418 1653 2466 subvec-

295 2556 314 2591 1
325 2581 334 2590 .
363 2553 540 2605 Chapitre
559 2553 629 2591 tire
647 2552 694 2591 de
711 2552 749 2591 la
768 2553 894 2591 meme
912 2565 1047 2591 source
1065 2565 1140 2604 que
1154 2553 1192 2592 le
1210 2553 1420 2605 precedent
1439 2563 1560 2606 quant
1577 2567 1654 2593 aux

242 2611 326 2651 faits
342 2612 583 2663 historiques.

297 2674 336 2709 2.
365 2671 541 2723 Corrigez
560 2674 738 2710 Exetriae.
760 2672 791 2709 11
811 2671 920 2724 s’agit
939 2671 991 2709 du
1010 2671 1084 2710 duc
1102 2672 1294 2721 d'Exeter‚
1315 2675 1449 2724 Henry
1468 2673 1652 2711 Holland.

300 2734 337 2771 3.
368 2731 468 2769 John
486 2731 626 2777 Nevill,
648 2732 816 2782 marquis
835 2731 883 2769 de
900 2734 1122 2784 Montague,
1143 2733 1244 2770 frere
1262 2732 1311 2771 de
1330 2733 1532 2771 Warwick.

298 2792 338 2830 4.
367 2793 421 2828 Le
440 2798 564 2828 comte
585 2790 770 2828 d'oxford
789 2800 827 2830 et
850 2791 886 2828 le
906 2791 1071 2831 vicomte
1091 2791 1139 2830 de
1158 2795 1390 2839 Beaumont,
1421 2791 1507 2840 deja
1538 2805 1652 2830 men-

245 2849 394 2888 tionnes
416 2848 510 2887 dans
531 2849 567 2887 le
586 2849 757 2901 chapitre
775 2850 996 2901 precedent,
1018 2865 1056 2902 p.
1081 2853 1172 2889 257.
