2054 3470
390 335 441 372 84
752 333 1094 371 HISTORIARUM
1119 333 1354 372 LUDOVICI
1381 335 1437 371 XI

392 425 497 487 ipso
515 422 636 470 duce
658 410 741 469 diu
759 429 980 486 quaestus,
998 421 1188 469 tandem
1209 422 1391 485 rogavit
1407 422 1663 488 principes¹
1681 440 1796 488 qua·

390 510 528 547 tenus
557 499 601 546 ei
629 498 846 560 fideliter,
876 500 926 546 in
951 498 1026 545 his
1052 499 1150 545 suis
1173 508 1221 545 et
1247 499 1347 545 aliis
1373 498 1642 564 quibusque
1661 501 1798 564 justis

388 579 616 643 querelis,
649 587 875 642 tanquam
902 577 1136 624 columnae
1164 593 1395 642 paresque
1418 580 1557 626 curiae
1583 578 1797 627 illustris-

387 656 515 702 simae
533 658 823 702 Francorum
843 654 1035 713 domus,
1058 653 1296 700 adhaerere
1319 663 1461 718 atque
1483 656 1695 702 assistere
1717 655 1796 704 fir-

388 733 595 779 missime
631 732 830 790 vellent,
872 731 1131 778 sciscitatus
1165 747 1193 778 a
1228 732 1441 795 quolibet
1475 733 1708 796 sigillatim
1745 746 1798 783 ut

385 827 492 858 suas
525 809 614 856 sibi
649 826 791 874 super
814 809 889 855 his
916 809 1197 856 sententiam
1222 809 1612 875 voluntatemque
1638 811 1795 861 decla-

387 897 560 934 rarent.

449 967 597 1011 Erant
625 973 785 1011 autem
810 962 904 1010 illic
933 965 1159 1022 RenatuS,
1185 963 1348 1010 Siciliae
1371 964 1506 1011 titulo
1526 975 1663 1012 tenus
1684 983 1789 1026 rex,

386 1042 751 1105 Andegavorum
777 1051 824 1087 et
862 1040 1159 1087 Barrensium
1191 1040 1289 1086 dux
1316 1057 1572 1107 comesque
1596 1045 1792 1091 Provin-

382 1121 487 1181 ciae,
519 1136 627 1166 cum
657 1119 798 1166 fratre
827 1134 943 1178 suo,
974 1118 1148 1164 comite
1171 1120 1548 1180 Cenomanniae²;
1575 1123 1793 1170 Aurelia-

384 1199 604 1244 nensium
628 1197 749 1258 dux,
777 1205 910 1243 aetate
934 1195 1249 1258 grandaevus',
1275 1196 1358 1260 qui
1383 1196 1524 1244 etiam
1549 1199 1598 1245 in
1625 1200 1791 1246 eadem

382 1274 523 1334 urbe,
559 1274 723 1339 paucis
753 1282 863 1338 post
889 1271 1167 1335 hujusmodi
1197 1274 1594 1322 convocationem
1621 1277 1794 1323 exactis

384 1354 576 1414 diebus,
607 1356 750 1401 vitam
780 1353 933 1400 finivit
963 1352 1097 1399 senio
1118 1352 1217 1414 jam
1241 1353 1502 1400 confectus.
1530 1357 1641 1402 Erat
1664 1356 1792 1403 simi-

382 1433 487 1479 liter
511 1441 558 1478 et
581 1431 681 1494 ejus
707 1431 848 1483 frater
871 1446 1033 1477 comes
1058 1430 1469 1492 Angolismensis⁴3
1499 1432 1727 1479 Borbonii
1747 1442 1795 1479 et

383 1509 629 1556 Alenconii
659 1507 830 1555 duces'
859 1507 1002 1554 etiam
1037 1507 1131 1553 illic
1157 1506 1372 1569 adsuere,
1409 1518 1458 1555 et
1487 1508 1680 1556 illustris
1716 1509 1793 1557 ille

381 1603 541 1634 comes
561 1585 820 1646 Dunensis,
848 1601 957 1631 cum
980 1583 1198 1649 pluribus
1230 1584 1331 1631 aliis
1359 1586 1654 1649 proceribus.
1682 1590 1793 1636 Erat

381 1665 524 1710 etiam
545 1672 592 1709 et
619 1662 713 1709 illic
737 1662 878 1708 frater
902 1662 1025 1724 regis
1047 1661 1281 1720 Carolus⁶‚
1309 1679 1454 1726 quem
1480 1680 1668 1728 semper
1686 1681 1790 1723 rex,

381 1757 689 1804 quocumque
713 1756 763 1787 se
787 1739 1043 1799 conferret,
1068 1739 1242 1786 ducere
1263 1740 1311 1785 in
1335 1741 1560 1787 comitatu
1584 1758 1673 1787 suo
1694 1753 1794 1789 erat

379 1818 565 1878 solitus;
604 1817 689 1864 sed
727 1833 876 1881 parvo
907 1816 1094 1862 honore
1132 1826 1179 1862 et
1214 1816 1383 1879 exiguo
1415 1833 1524 1862 eum
1562 1816 1788 1877 habebat,

380 1896 597 1959 quamvis
625 1895 724 1958 jam
757 1894 921 1956 viginti
949 1908 1102 1939 annos
1134 1902 1254 1938 esset
1292 1902 1446 1938 natus.
1494 1895 1790 1958 Responsum

379 1983 540 2020 autem
563 1988 732 2018 omnes
753 1980 799 2017 et
822 1970 994 2033 singuli
1015 1979 1130 2015 tunc
1154 1968 1389 2028 fecerunt,
1417 1985 1466 2016 se
1489 1972 1588 2033 regi
1608 1971 1658 2016 in
1684 1987 1790 2017 om·

380 2050 519 2096 nibus
536 2048 776 2096 adhaerere
794 2057 841 2094 et
857 2047 1030 2094 servire
1043 2046 1178 2104 velle,
1198 2063 1390 2110 suaeque
1406 2064 1595 2112 semper
1609 2048 1792 2096 obtem·

380 2143 545 2191 perare
568 2125 824 2183 voluntati;
847 2124 931 2171 sed
949 2123 1187 2183 nonnulli,
1214 2140 1387 2171 verene
1407 2125 1457 2171 id
1484 2141 1544 2172 an
1574 2126 1791 2173 simulate

378 2214 425 2251 et
447 2203 554 2251 ficte
577 2204 813 2260 dicerent,
837 2202 983 2266 paulo
1004 2210 1114 2265 post
1134 2201 1425 2248 manifestius
1447 2202 1736 2251 indicarunt.

442 2283 608 2329 Soluto
627 2281 768 2345 igitur
788 2288 1027 2327 conventu
1051 2278 1401 2342 hujuscemodi,
1426 2288 1472 2326 et
1494 2279 1790 2345 principibus

431 2423 468 2458 1.
500 2421 682 2467 Princeps
703 2416 798 2455 dans
817 2415 853 2454 le
874 2428 948 2455 ms.

428 2481 467 2519 Ξ.
499 2477 657 2517 Charles
677 2476 859 2528 d'Anjou,
878 2483 1003 2513 comte
1018 2474 1070 2512 du
1088 2474 1229 2512 Maine.

430 2540 468 2576 3.
499 2536 656 2576 Charles
675 2535 874 2573 d‘Orleans
901 2533 991 2572 etait
1012 2534 1062 2571 ne
1086 2533 1120 2571 le
1141 2533 1192 2570 26
1212 2532 1287 2570 mai
1305 2534 1400 2570 1391
1414 2562 1422 2571 .
1444 2532 1475 2569 ΙΙ
1497 2531 1588 2570 e'tait
1605 2546 1675 2584 par
1692 2546 1788 2572 con-

376 2598 536 2649 sequent
554 2595 649 2633 dans
668 2607 709 2632 sa
729 2593 1188 2643 soixante-quatorzieme
1207 2592 1343 2628 annee.
1483 2595 1486 2598 ’

427 2658 467 2696 4.
498 2658 592 2694 Jean
609 2651 827 2700 d’Orleans,
847 2659 972 2690 comte
991 2650 1286 2703 d’Angouleme.

429 2720 467 2755 5.
497 2719 593 2754 Jean
617 2714 665 2752 de
688 2712 871 2751 Bourbon
898 2720 935 2750 et
955 2714 1050 2750 Jean
1069 2710 1302 2760 d’Alencon‚
1326 2718 1411 2748 tous
1432 2710 1534 2749 deux
1557 2710 1784 2763 princesdu

377 2789 484 2829 sang.

429 2838 466 2874 6.
499 2834 612 2873 Alors
630 2833 705 2871 duc
728 2832 776 2870 de
794 2834 928 2882 Berry.
