2054 3470
381 315 456 351 174
741 299 1080 352 ffls‘romAnUM
1106 314 1342 352 mnovlcl
1369 316 1427 352 xl

381 399 630 462 machinis,
658 382 835 447 veirillis
857 410 902 447 et
923 401 1194 461 ordinibus,
1220 401 1564 461 existimarant,
1591 399 1787 448 obsesso

381 477 538 526 adhuc
573 477 778 543 oppido,
812 479 1090 543 tempestive
1123 495 1263 543 posse
1297 478 1506 543 praebere
1539 492 1789 527 succursus

379 555 568 616 solatia,
594 565 640 602 et
659 557 708 602 in
730 572 943 619 campos,
967 556 1094 602 velut
1116 557 1378 620 potentiam
1398 556 1791 619 Burgundionum

378 632 504 680 bello
527 633 809 697 aggressuri,
836 633 1062 680 exierant.
1086 633 1289 692 Quibus,
1313 634 1542 680 exstincto
1564 643 1611 680 et
1632 634 1791 680 exciso

378 711 577 776 oppido,
597 711 787 757 illustris
809 727 971 757 comes
988 710 1049 758 de
1065 711 1326 770 Charolollr,
1346 721 1480 776 patre
1502 728 1590 758 suo
1612 712 1662 758 in
1684 721 1790 759 tuto

377 787 533 835 locato
556 788 659 852 (qui
685 788 734 834 in
764 787 876 833 sella
903 789 1158 850 gestatoria
1178 788 1239 834 ad
1262 788 1584 835 obsidendum
1607 789 1793 836 Dinan-

378 875 481 911 tum
503 881 553 912 se
575 865 746 911 deferri
768 863 976 926 fecerat),
997 881 1108 911 cum
1131 865 1280 929 copiis
1301 865 1396 912 suis
1415 865 1680 931 intrepidus
1698 865 1791 912 ob-

378 943 503 989 viam
524 942 671 989 venit.
694 941 806 999 Sed,
828 942 898 988 uti
916 941 1047 1001 alias,
1071 942 1239 988 animis
1257 951 1397 1005 atque
1414 942 1593 990 viribus
1613 957 1791 1007 pavore

378 1019 571 1078 defecti,
597 1019 657 1065 ad
687 1018 942 1083 petendam
968 1018 1202 1083 supplices
1222 1018 1433 1076 veniam,
1458 1029 1506 1067 et
1527 1035 1622 1066 suae
1641 1030 1791 1067 teme-

378 1097 526 1143 ritatis
542 1106 684 1160 atque
703 1095 1084 1160 praesumptionis
1100 1094 1465 1158 indulgentiam,
1474 1106 1581 1144 ‘sese
1593 1112 1791 1144 conver-

378 1184 554 1221 terunt.
581 1174 829 1238 Sapienter
853 1173 1065 1237 quidem.
1093 1176 1211 1219 Nam
1235 1173 1274 1219 si
1297 1173 1359 1220 ad
1381 1182 1619 1221 certamen
1641 1190 1791 1239 usque

378 1253 719 1316 pervenissent,
740 1250 1054 1297 verisimiliter
1070 1250 1131 1296 de
1144 1250 1272 1314 ipsis,
1292 1250 1371 1314 qui
1391 1251 1573 1314 majore
1587 1267 1644 1298 ex
1658 1261 1792 1315 parte

379 1331 585 1376 inermes
615 1328 952 1393 pedestresque
995 1337 1151 1388 erant,
1193 1338 1421 1391 tanquam
1452 1328 1513 1375 de
1540 1327 1794 1393 pecoribus
1822 1343 1831 1348 “

381 1406 651 1463 occisionis,
675 1415 850 1468 strages
874 1407 1040 1468 ingens
1063 1413 1109 1451 et
1130 1421 1362 1451 caesorum
1386 1406 1542 1453 acervi
1565 1406 1657 1452 acti
1680 1405 1794 1452 fuis—

380 1494 500 1532 sent.
525 1487 643 1531 Eam
664 1500 780 1530 vero
804 1484 917 1530 dare
939 1499 1080 1529 senex
1102 1483 1178 1529 ille
1204 1482 1448 1547 Philippus
1469 1482 1790 1544 dissuadebat,

380 1577 547 1608 eorum
576 1559 849 1624 perfidiam,
883 1559 1121 1606 levitatem
1148 1567 1194 1605 et
1223 1560 1558 1637 prpcacitatem
1586 1560 1636 1606 in
1659 1560 1793 1624 jacu-

381 1637 535 1685 landis
563 1636 752 1702 probris
780 1645 826 1682 et
855 1636 1156 1683 contumeliis
1183 1653 1269 1700 per
1297 1635 1527 1700 plurimas
1553 1637 1678 1684 vices
1714 1653 1794 1695 ex·

381 1725 567 1780 pertus,
597 1714 682 1778 qui
709 1729 897 1777 semper
918 1712 1090 1778 perfidi
1117 1723 1259 1777 atque
1288 1713 1516 1777 foedifragi
1540 1731 1645 1762 esse
1674 1731 1793 1762 con-

379 1793 659 1839 suevissent.
680 1791 932 1856 Cupiebat,
947 1807 1058 1838 cum
1075 1801 1345 1856 opportune
1361 1791 1410 1837 in
1427 1791 1600 1856 patulis
1615 1792 1795 1857 campis

378 1870 554 1933 reperti
568 1878 738 1926 essent,
756 1869 816 1915 de
829 1885 914 1915 sua
928 1868 1127 1934 perfidia
1140 1867 1292 1932 (quod
1305 1877 1473 1934 contra
1481 1877 1792 1930 sacramenta,

379 1946 553 1994 totiens
575 1962 602 1992 a
629 1962 678 1992 se
707 1946 913 2010 praestita
939 1955 984 1992 ct
1007 1946 1140 2007 data,
1168 1945 1481 2009 sigillatasque
1502 1961 1659 2010 nuper
1682 1956 1794 1993 cau·

377 2025 532 2081 tiones
558 2024 822 2086 venissent)
851 2040 1017 2088 poenas
1049 2034 1095 2070 et
1127 2022 1357 2088 supplicia
1385 2022 1544 2070 debita
1587 2023 1790 2088 reposci.

379 2101 473 2148 Sed
507 2099 818 2147 nihilominus
847 2099 1038 2145 illustris
1072 2099 1197 2145 illius
1232 2100 1420 2146 comitis
1454 2098 1515 2146 de
1550 2098 1797 2159 Charolot's

378 2180 485 2244 pius
506 2188 553 2225 et
580 2178 787 2224 clemens
815 2179 1024 2235 animuS,
1056 2177 1118 2223 ad
1146 2177 1522 2224 misericordiam
1546 2176 1705 2240 potius
1725 2184 1803 2223 ests

378 2256 601 2315 inflexus,
634 2264 803 2318 agente
832 2254 1093 2319 plurimum
1115 2263 1162 2300 et
1190 2270 1278 2319 pro
1304 2254 1416 2318 ipsis
1439 2253 1622 2301 miseris
1646 2253 1795 2300 inter-

378 2333 595 2380 veniente
627 2332 802 2379 comite
832 2331 1173 2391 Sancti-Pauli,
1205 2331 1287 2394 qui
1315 2340 1417 2377 tum
1445 2329 1603 2377 adhuc
1630 2329 1721 2378 sibi
1744 2330 1795 2377 in

379 2428 467 2458 suo
490 2410 699 2458 exercitu
722 2409 989 2457 militaba11.
1014 2411 1136 2455 Data
1157 2417 1228 2455 est
1248 2408 1407 2471 itaque
1429 2407 1541 2472 ipsis
1562 2407 1724 2467 venia;
1749 2416 1798 2454 et

329 2529 333 2533 .
380 2492 502 2556 quia·
530 2491 578 2538 in
624 2490 920 2537 exsolutione
963 2499 1109 2554 pactae
1148 2497 1344 2553 perante
1387 2488 1599 2552 pecuniae
1637 2503 1797 2535 moras

435 2635 472 2672 1.
503 2631 620 2670 Louis
644 2630 693 2669 de
720 2629 1023 2680 Luxembourg,
1050 2628 1220 2679 quoique
1249 2642 1403 2680 pourvu
1440 2629 1489 2668 de
1519 2629 1556 2668 la
1583 2628 1726 2683 charge
1747 2628 1821 2669 de·

380 2690 609 2730 connetable
631 2689 679 2728 de
706 2691 853 2727 France
882 2690 960 2726 lors
991 2688 1040 2726 de
1070 2689 1107 2726 la
1138 2687 1253 2727 curce
1276 2687 1343 2727 des
1365 2689 1493 2740 places
1516 2690 1566 2727 οὺ
1589 2687 1739 2728 aboutit
1759 2688 1797 2738 la

380 2764 518 2804 guerre
537 2750 590 2788 du
617 2750 712 2787 Bien
742 2747 893 2799 public,
921 2760 971 2785 ne
999 2747 1141 2785 laissait
1166 2760 1234 2798 pas
1257 2747 1306 2785 de
1325 2748 1448 2786 servir
1467 2758 1608 2786 encore
1624 2746 1720 2786 dans
1739 2746 1796 2786 les
1841 2753 1844 2757 '

379 2810 528 2849 armees
549 2809 903 2862 bourguignonnes.
