2054 3470
434 339 508 376 110
794 341 1134 378 HISTORIARUM
1160 342 1396 380 LUDOVICI
1422 343 1479 379 XI

428 436 612 489 tronus,
638 445 720 476 seu
743 430 975 495 imperitia
996 445 1079 476 seu
1099 430 1275 477 malitia
1295 440 1421 477 certa
1436 467 1448 489 ,
1471 446 1576 478 eam
1597 431 1834 496 perditum

428 506 486 552 iri
504 506 646 554 vellet
667 518 712 554 et
737 508 785 554 in
806 508 968 571 Scyllae
990 517 1070 554 aut
1092 507 1358 571 Charybdis
1379 509 1628 572 voragines
1649 509 1837 557 demer-

429 598 553 644 gere,
588 599 648 630 an
669 584 758 648 ipsi
780 585 874 630 hoc
895 585 994 648 pati
1014 594 1060 630 et
1083 584 1284 631 tolerare
1306 584 1560 644 deberent3
1580 574 1655 632 vd
1678 586 1837 651 potius

428 667 683 723 patronum
709 677 791 707 seu
817 660 1066 707 dominum
1082 698 1094 721 ,
1128 678 1189 707 ne
1218 661 1266 707 id
1289 661 1485 720 faceret,
1517 661 1760 709 adhortari
1789 671 1837 709 et

426 733 757 796 commonere,
788 747 951 800 atque,
976 736 1058 783 ubi
1082 738 1130 783 in
1153 747 1333 784 tantam
1363 739 1603 786 vesaniam
1631 749 1835 786 vertere·

428 821 504 858 tur
535 823 615 871 ut,
652 815 818 879 spretis
857 814 1266 861 exhortationibus
1302 824 1348 861 et
1378 815 1835 864 commonitionibus

426 889 730 951 salutaribus,
758 891 919 937 navim
946 890 1255 937 nihilominus
1284 892 1333 937 in
1363 893 1673 957 praecipitium
1695 908 1834 956 agere

425 966 588 1022 vellet,
615 983 741 1014 anne
763 966 851 1012 sibi
883 967 942 1014 de
969 967 1091 1013 sacto
1122 967 1341 1014 reluctari
1366 977 1414 1014 et
1436 967 1664 1016 obsistere
1687 969 1832 1017 debe-

424 1052 545 1089 rent.
573 1047 678 1090 Non
702 1043 985 1090 arbitramur
1015 1054 1099 1090 'eos
1118 1047 1181 1090 ita
1199 1045 1404 1092 insanire
1421 1081 1433 1103 ‚
1462 1055 1541 1102 ut,
1570 1061 1659 1110 pro
1683 1046 1832 1093 salute

424 1132 520 1169 tam
560 1125 691 1171 navis
733 1141 878 1188 quam
916 1141 1084 1172 eorum
1126 1125 1208 1188 qui
1258 1126 1306 1171 in
1354 1142 1409 1172 ea
1444 1127 1827 1186 continerentur,

423 1200 688 1247 abnuerent
705 1203 753 1248 id
768 1202 892 1249 licite
914 1212 958 1249 et
981 1202 1325 1249 rationabiliter
1341 1202 1442 1250 fieri
1458 1220 1615 1268 posse,
1636 1214 1682 1251 et
1700 1203 1829 1270 [iam]

422 1294 585 1324 servos
607 1295 690 1325 seu
716 1279 995 1325 vernaculos
1021 1280 1239 1343 patroni,
1274 1279 1350 1326 vel
1378 1289 1548 1326 nautas
1581 1281 1831 1328 conducti-

423 1354 535 1413 tios,
561 1355 609 1400 in
633 1355 775 1401 tantis
795 1355 1015 1420 periculis
1037 1356 1338 1416 constitutos,
1365 1356 1617 1403 dominum
1639 1373 1778 1404 suum
1803 1373 1831 1405 a

421 1431 554 1478 clavo
587 1431 821 1496 depellere
853 1442 899 1479 et
930 1432 1158 1494 regimine
1180 1449 1431 1492 amovere,
1466 1433 1550 1479 sed
1582 1434 1754 1494 etiam,
1791 1435 1831 1480 si

420 1509 552 1555 aliter
573 1509 688 1555 salvi
707 1509 909 1556 evadere
932 1525 1031 1555 non
1060 1520 1282 1574 possent,
1320 1510 1505 1557 domini
1531 1511 1831 1559 contumacia

420 1597 465 1633 et
484 1588 741 1651 pertinacia
766 1587 990 1645 faciente,
1024 1604 1113 1651 pro
1141 1588 1387 1634 communi
1413 1588 1730 1652 plurimorum
1754 1603 1830 1635 sa-

419 1664 540 1722 lute,
569 1665 745 1711 vincire
776 1675 823 1711 et
844 1664 1157 1729 compedibus
1176 1667 1523 1728 constringere,
1553 1665 1628 1712 vel
1649 1666 1830 1730 majore

418 1742 561 1788 etiam
581 1743 825 1788 severitate
847 1757 1085 1789 coercere.

482 1819 628 1880 Igitur
650 1819 688 1865 si
711 1818 806 1865 hoc
831 1819 981 1877 servi,
1015 1819 1053 1864 si
1087 1818 1323 1882 mancipia
1353 1819 1428 1865 vel
1465 1813 1742 1865 mercenarii
1777 1818 1826 1865 in

418 1894 669 1942 dominum
694 1912 849 1952 suum,
877 1904 1076 1958 cogente
1098 1895 1391 1955 necessitate,
1407 1903 1607 1958 possunt
1623 1894 1828 1958 legitime

417 1989 571 2036 agere,
598 1991 683 2020 cur
706 1990 804 2019 non
831 1982 1073 2038 poterunt,
1101 1988 1202 2018 non
1234 1972 1357 2018 servi
1380 1988 1535 2035 neque
1559 1971 1823 2036 mancipia,

416 2049 499 2095 sed
525 2050 812 2113 amplissima
840 2049 1097 2095 liberorum
1133 2047 1424 2112 populorum
1455 2047 1712 2094 multitudo
1742 2049 1827 2095 uni

416 2127 595 2190 regenti
610 2126 927 2186 subditorum,
951 2125 1031 2171 ubi
1049 2135 1301 2181 rectorem,
1322 2125 1454 2171 velut>
1464 2124 1825 2188 quodammodo

416 2205 753 2263 insanientem,
780 2219 947 2250 omnes
971 2202 1158 2249 notorie
1187 2211 1234 2248 et
1255 2201 1635 2249 manifestissime
1663 2201 1825 2248 vident

415 2299 514 2328 non
541 2281 745 2344 legitime
762 2281 1013 2344 imperare,
1041 2295 1197 2342 neque
1218 2278 1417 2325 consilio
1434 2278 1676 2325 honorum
1697 2279 1824 2325 viro-

415 2375 521 2405 rum
546 2368 688 2421 atque
719 2357 1002 2421 sapientium
1031 2355 1269 2402 moderari
1293 2365 1339 2402 et
1361 2355 1613 2419 disponere
1635 2371 1826 2420 rempu-

415 2436 612 2495 blicam,
646 2434 728 2481 sed
757 2443 926 2480 cuncta
955 2443 1138 2480 vastare
1169 2443 1215 2479 et
1246 2433 1475 2497 perdere3
1515 2433 1641 2480 cives
1675 2433 1825 2497 patri-

417 2512 588 2558 moniis
609 2521 656 2557 et
677 2510 833 2570 bonis,
858 2527 947 2574 pro
969 2510 1068 2556 sola
1090 2509 1352 2569 voluntate,
1376 2510 1476 2556 sine
1490 2509 1595 2572 jure
1615 2509 1819 2572 ordinis,

414 2589 646 2653 spoliare,
686 2587 866 2634 exsules
897 2586 1021 2633 bene
1056 2586 1116 2633 de
1150 2586 1393 2650 republica
1426 2587 1620 2633 meritos
1653 2603 1818 2650 agere;

413 2666 679 2713 libertatem
716 2664 933 2710 Ecclesiae
972 2673 1018 2710 et
1050 2663 1470 2710 ecclesiasticarum
1509 2679 1822 2727 personarum

414 2745 558 2791 decus
571 2754 711 2806 atque
727 2742 965 2788 honorem
980 2740 1145 2787 tollere
1160 2758 1174 2799 3
1198 2741 1360 2788 omnia
1374 2740 1536 2787 divina
1552 2750 1598 2788 et
1610 2741 1818 2788 humana

408 2823 516 2886 jura
533 2831 840 2868 contemnere
857 2829 903 2866 et
918 2818 1214 2866 confundere
1231 2836 1243 2876 ;
1266 2834 1355 2883 pro
1374 2818 1508 2866 libito
1526 2819 1575 2865 in
1598 2817 1820 2866 omnibus
