2054 3470
471 295 548 333 272
835 295 1179 334 HISTORIARUM
1206 295 1444 334 LUDOVICI
1469 296 1527 333 XI

467 384 833 451 persequendas.
870 385 988 446 Qui,
1028 384 1090 432 ad
1115 383 1324 432 diversas
1357 394 1511 450 partes
1527 422 1539 446 ,
1575 385 1637 433 de
1675 386 1885 450 ejusdem

467 464 675 511 exterriti
697 463 929 524 adventu,
954 462 1260 527 diffugerunt.
1291 463 1528 528 Praecipue
1557 480 1671 511 vero
1695 465 1758 512 ad
1780 483 1885 531 per·

466 541 768 607 sequendum
798 540 1078 606 praedictum
1112 539 1389 587 bastardum
1422 540 1483 588 de
1517 540 1879 604 Falclzenbur9¹,

466 620 550 684 qui
579 620 709 685 apud
739 619 900 667 villam
935 618 996 665 de
1031 616 1281 664 Sandwich
1314 618 1628 680 maritimam,
1659 635 1883 683 magnam

465 696 623 744 adhuc
645 706 900 744 nautarum
926 703 1313 758 armatorumque
1335 704 1381 741 et
1402 695 1598 742 navium
1619 694 1880 743 multitudi-

465 791 578 821 nem
599 774 775 821 habere
800 772 1052 820 ferebatur.
1077 771 1170 818 Sed
1192 772 1294 835 ipse
1315 788 1370 818 ac
1385 772 1541 820 caeteri
1560 772 1801 834 satellites,
1820 773 1881 821 de

463 853 586 915 regis
609 852 821 899 adventu
842 850 904 897 ad
931 866 980 896 se
1005 849 1184 914 perlata
1212 848 1358 910 fama,
1388 849 1648 914 prudenter
1670 856 1772 915 ejus
1798 850 1881 898 ad-

462 940 659 976 ventum
677 928 1015 994 praevenientes
1033 936 1078 972 et
1094 925 1287 973 obviam
1309 926 1569 988 mittentes,
1593 928 1879 992 veniamque

463 1005 700 1071 supplices
725 1003 1017 1069 postulantes
1033 1039 1045 1063 ,
1073 1018 1241 1066 pacem
1263 1017 1292 1048 a
1314 1018 1425 1064 rege
1452 1013 1762 1067 acceperunt,
1795 1003 1877 1051 de·

461 1083 790 1147 ditionemque
813 1083 1026 1128 fecerunt
1050 1080 1362 1144 quadraginta
1383 1089 1430 1126 et
1451 1089 1632 1145 septem
1649 1081 1844 1128 navium
1861 1119 1873 1142 ,

463 1178 580 1226 quas
614 1160 705 1207 sub
733 1176 818 1207 sua
844 1158 1086 1206 habebant
1112 1167 1370 1222 potestate,
1397 1156 1692 1222 aliarumque
1716 1174 1875 1206 rerum

463 1255 579 1303 quas
601 1255 683 1285 rex
701 1238 762 1285 ab
785 1238 851 1284 eis
871 1236 1023 1283 voluit
1044 1235 1258 1299 accipere
1281 1244 1329 1281 et
1352 1234 1548 1282 habere.

527 1319 586 1362 Et
607 1315 703 1363 hoc
727 1314 875 1362 modo
899 1313 1137 1378 completa
1159 1322 1205 1359 et
1226 1312 1444 1360 absoluta
1471 1312 1558 1359 fuit
1584 1329 1670 1377 per
1700 1312 1876 1361 Edoar-

460 1393 577 1441 dum
605 1393 900 1458 recuperatio
924 1392 1070 1438 totius
1093 1391 1166 1438 sui
1192 1391 1324 1454 regni
1358 1389 1559 1453 Angliae,
1590 1406 1618 1437 a
1649 1406 1748 1453 quo
1778 1391 1873 1439 fac-

463 1473 593 1519 tione
616 1482 661 1519 et
683 1468 1040 1536 proditionibus
1068 1468 1191 1515 illius
1213 1467 1401 1515 comitis
1427 1467 1489 1514 de
1514 1471 1582 1515 W
1581 1469 1740 1516 arvich
1762 1468 1875 1534 pul-

458 1566 537 1596 sus
572 1549 842 1612 ejectusque
869 1546 1016 1612 paulo
1050 1555 1160 1593 ante
1193 1545 1364 1606 fuerat,
1402 1554 1454 1591 ut
1489 1561 1632 1609 supra
1669 1561 1698 1592 a
1733 1545 1874 1593 nobis

456 1627 658 1675 relatum
681 1636 766 1673 est.
793 1624 937 1683 Quod
961 1623 1159 1689 quidem
1186 1623 1333 1671 armis
1359 1631 1407 1670 et
1433 1624 1708 1671 strenuitate
1730 1624 1872 1672 mira-

456 1704 541 1752 bili
563 1714 705 1768 atque
728 1703 969 1767 diligentia
998 1701 1060 1749 ab
1089 1718 1148 1749 eo
1171 1700 1436 1748 edomitum
1462 1709 1605 1765 atque
1627 1702 1872 1766 conquisi-

455 1793 558 1830 tum
584 1783 695 1844 fuit,
721 1798 834 1829 cum
856 1796 1003 1847 parva
1023 1779 1287 1826 admodum
1308 1779 1444 1825 initio
1463 1795 1632 1840 manu,
1653 1779 1702 1825 in
1726 1778 1872 1826 unde-

454 1861 548 1908 cim
588 1859 1003 1908 hebdomadarum
1044 1857 1223 1922 spatio,
1261 1872 1290 1903 a
1322 1856 1400 1902 die
1432 1872 1555 1919 quo,
1593 1856 1868 1903 transmisso

454 1939 573 1986 freto
588 1977 601 2000 ,
628 1938 802 2004 pedem
820 1939 868 1984 in
895 1953 1043 2000 regno
1066 1934 1306 1999 reposuit:
1334 1933 1468 1997 quod
1489 1949 1589 1979 non
1612 1949 1760 1997 parva
1779 1934 1869 1980 uti-

453 2033 547 2081 que
570 2017 769 2080 dignum
787 2014 1101 2062 admiratione
1124 2010 1402 2060 habendum
1419 2020 1512 2071 est,
1537 2027 1647 2057 cum
1669 2020 1780 2058 ante
1796 2028 1867 2059 re-

453 2111 664 2158 gressum
685 2109 826 2140 suum
845 2108 998 2138 unum
1013 2088 1186 2155 pedem
1203 2089 1345 2135 totius
1360 2089 1522 2153 patriae
1533 2087 1622 2135 sibi
1637 2086 1866 2135 obedien-

453 2184 549 2222 tem
571 2189 670 2220 non
692 2172 914 2230 haberet,
942 2169 1025 2216 sed
1046 2177 1167 2216 esset
1188 2177 1342 2214 totum
1366 2184 1393 2214 a
1416 2168 1511 2214 suis
1542 2160 1864 2215 infensissimis

453 2261 594 2316 atque
618 2248 927 2298 acerbissimis
948 2246 1166 2293 hostibus
1188 2245 1482 2292 vindicatum
1506 2254 1553 2292 et
1573 2259 1860 2310 possessum.

452 2332 510 2376 Et
539 2328 672 2392 quod
698 2343 800 2373 rem
838 2324 989 2372 multo
1024 2322 1340 2370 difficiliorem
1379 2321 1863 2387 periculosioremque

451 2406 540 2453 sibi
567 2403 824 2463 efficiebat,
856 2402 999 2448 iidem
1033 2400 1194 2447 hostes
1222 2416 1390 2446 omnes
1418 2398 1563 2445 ferme
1587 2397 1794 2463 populos
1816 2408 1863 2446 et

450 2483 634 2532 accolas
671 2480 832 2544 regni,
874 2488 976 2526 tum
1014 2479 1064 2525 in
1097 2477 1289 2524 Heni-ici
1320 2492 1498 2523 nomen
1529 2492 1586 2523 ac
1617 2475 1827 2523 savorem
1844 2513 1857 2538 ,

450 2570 552 2608 tum
577 2561 625 2607 in
653 2559 767 2606 dicti
789 2557 975 2604 comitis
999 2555 1060 2602 de
1083 2554 1327 2614 Warvich,
1360 2553 1569 2600 faventes
1590 2553 1860 2617 mirumque

448 2639 498 2686 in
521 2637 723 2685 modum
745 2635 836 2683 sibi
858 2634 1051 2683 affectos
1075 2631 1340 2691 habebant;
1367 2640 1566 2697 propter
1586 2631 1719 2695 quod
1741 2647 1859 2678 con-

501 2805 540 2841 1.
570 2799 785 2847 Ci—dessus‚
806 2812 846 2850 p.
867 2798 961 2835 267.
