2054 3470
720 378 723 379 7
744 332 890 367 mmm
916 330 1144 377 QUINTUS,
1576 332 1650 368 377

248 418 527 483 desperans,
553 417 614 464 ad
639 432 769 476 eam,
796 433 901 480 quae
926 424 1152 480 perpetua
1178 426 1266 476 est,
1285 416 1428 480 coepit
1447 417 1653 479 cogitare

249 492 488 543 attentius
512 498 569 541 Et
597 494 659 541 ad
687 492 783 539 hoc
813 492 1007 557 quidem
1038 509 1123 558 per
1155 493 1425 556 religiosos,
1457 494 1537 557 qui
1564 495 1652 541 sibi

248 570 550 631 assistebant,
582 570 753 634 jugiter
787 569 1153 630 admonebatur,
1194 579 1240 616 et
1272 579 1326 616 ut
1364 586 1390 616 a
1420 573 1523 616 Deo
1562 572 1655 634 pri-

250 665 400 707 mum,
426 646 597 694 deinde
619 662 645 693 a
672 663 779 710 rege
799 655 940 710 atque
969 645 1192 693 omnibus
1223 647 1409 692 veniam
1435 663 1652 711 precare-

250 735 343 786 tur,
388 740 437 772 se
482 740 648 770 eorum
688 724 776 788 piis
818 724 879 770 ad
917 727 1074 770 Deum
1118 723 1543 788 supplicationibus
1580 741 1655 771 re-

249 800 605 850 commendans.
633 800 778 859 Quod
807 818 917 848 cum
947 801 1130 848 fecisset
1162 810 1469 865 rogassetque
1502 802 1655 864 regios

249 896 484 947 proceres,
512 880 594 944 qui
616 879 866 926 adstabant
884 916 896 938 ‚
923 889 976 926 ut
994 880 1089 943 regi
1108 880 1315 927 animam
1337 879 1436 943 ejus
1460 895 1514 926 ac
1533 881 1655 927 salu-

249 970 343 1007 tem
369 959 575 1007 facerent
602 959 956 1005 recommissam
974 994 988 1018 ‚
1021 959 1292 1022 supplicans
1326 968 1584 1022 quatenus,
1619 959 1657 1004 si

247 1053 423 1100 corpus
442 1035 586 1100 ipsius
605 1043 650 1081 et
674 1034 973 1098 corporalem
1004 1034 1147 1080 vitam
1170 1050 1361 1081 exosam
1383 1033 1626 1081 habuisset
1640 1072 1652 1095 ,

247 1114 457 1160 animam
481 1121 734 1176 propterea
758 1111 954 1158 minime
978 1111 1222 1176 despicere
1241 1111 1409 1172 vellet,
1435 1128 1656 1176 procum-

247 1190 366 1238 bens
384 1189 444 1237 ad
468 1206 638 1253 genua,
664 1189 835 1249 lictori,
858 1190 939 1253 qui
963 1189 1195 1250 adstabat,
1214 1200 1405 1255 paratus
1424 1191 1654 1237 cervicem

247 1266 463 1314 tetendit.
491 1267 585 1324 Qui
611 1283 751 1313 suum
775 1267 978 1331 implens
1012 1267 1319 1314 ministerium
1340 1305 1352 1325 ‚
1384 1267 1445 1315 ab
1472 1284 1530 1314 eo
1559 1268 1659 1332 pri-

248 1360 383 1391 mum
415 1343 651 1406 indulgeri
688 1353 828 1407 atque
860 1344 1048 1390 veniam
1080 1343 1170 1390 sibi
1207 1344 1309 1391 dari
1342 1345 1654 1410 imprecatus,

249 1419 408 1483 gladio
434 1419 602 1466 feriens
624 1429 767 1484 caput
786 1419 995 1483 ejusdem
1020 1422 1300 1485 amputavit.

315 1499 521 1543 Fuerant
542 1505 700 1543 autem
722 1496 970 1561 paululum
994 1507 1103 1544 ante
1126 1497 1186 1544 de
1212 1498 1461 1557 tribunali,
1487 1499 1535 1544 in
1561 1514 1657 1562 quo

250 1575 311 1622 de
324 1573 601 1638 hujusmodi
618 1573 858 1620 exsecutio
882 1573 1127 1636 agebatur,
1153 1575 1300 1639 panni
1322 1585 1368 1622 et
1390 1591 1557 1621 omnes
1580 1591 1658 1621 or-

250 1660 389 1698 natus
411 1650 624 1711 detracti,
650 1660 702 1696 ut
722 1650 929 1697 ferientis
946 1648 1088 1715 gladii
1108 1652 1227 1698 ictus
1243 1662 1290 1698 et
1306 1652 1505 1715 judicati
1527 1668 1660 1699 exse-

250 1728 382 1775 cutio
406 1728 624 1774 omnium
653 1727 940 1774 adstantium
968 1728 1244 1792 conspectui
1267 1737 1576 1793 patescerent.
1603 1731 1660 1774 Et

248 1805 408 1852 adhuc
428 1815 482 1852 ut
501 1806 682 1852 cunctis
703 1806 1005 1870 conspectior
1025 1805 1298 1866 haberetur,
1325 1805 1553 1863 minister,
1578 1806 1660 1868 qui

250 1899 360 1929 eum
391 1892 686 1947 percusserat
702 1920 714 1942 ,
743 1892 940 1946 accepto
967 1883 1121 1947 capite
1148 1881 1377 1929 ambabus
1408 1882 1627 1929 manibus
1644 1919 1656 1942 ,

251 1953 406 2026 ipsum
430 1960 618 2008 clevans
641 1960 762 2007 trina
782 1962 884 2007 vice
914 1960 1223 2020 circumtulit,
1248 1969 1300 2006 ut
1325 1976 1352 2006 a
1374 1961 1554 2006 cunctis
1578 1959 1661 2006 ad-

249 2037 483 2085 stantibus
505 2037 757 2083 dissectum
779 2054 806 2084 a
826 2053 1034 2102 corpore
1057 2037 1309 2083 videretur.
1336 2037 1507 2083 Mirum
1532 2036 1661 2083 enim

251 2115 301 2162 in
323 2114 524 2162 modum
546 2115 593 2161 in
619 2132 728 2161 eum
750 2116 896 2162 totius
914 2115 1081 2180 populi
1113 2115 1318 2178 regionis
1343 2114 1509 2161 odium
1532 2131 1662 2161 exar-

251 2201 389 2238 serat.
408 2193 625 2248 Quorum
642 2201 694 2237 ut
710 2191 954 2237 desideriis
969 2201 1111 2254 atque
1130 2191 1244 2237 odio
1259 2200 1518 2255 utcumque
1532 2191 1663 2237 satis-

253 2265 401 2324 fieret,
424 2277 470 2313 et
491 2277 545 2312 ut
565 2268 747 2313 cunctis
769 2267 871 2313 aliis
894 2267 1162 2331 exemplum
1181 2277 1227 2313 et
1247 2278 1474 2314 terrorem
1494 2267 1665 2313 immit-

255 2354 375 2391 teret
392 2381 403 2401 ,
429 2361 513 2391 rex
535 2345 597 2391 ita
619 2344 907 2409 supplicium
926 2344 1027 2407 ejus
1040 2343 1191 2390 voluit
1212 2361 1311 2391 esse
1330 2345 1658 2409 conspicuum.

320 2421 540 2484 Religiosi
563 2431 725 2468 autem
754 2431 1018 2467 conventus
1042 2423 1260 2467 Fratrum
1288 2422 1527 2468 Minorum
1545 2458 1558 2481 ,
1582 2421 1664 2485 qui

255 2498 321 2545 ob
339 2498 435 2546 hoc
458 2499 568 2546 illuc
599 2500 648 2545 in
682 2515 856 2562 magno
889 2515 1090 2544 numero
1122 2498 1439 2559 advenerant,
1473 2499 1664 2563 permit-

255 2584 384 2621 tente
410 2592 536 2638 rege,
555 2576 762 2622 tulerunt
785 2591 976 2639 corPUS,
999 2584 1047 2621 et
1066 2575 1115 2621 in
1139 2591 1275 2622 suam
1293 2575 1503 2623 delatum
1521 2574 1666 2620 eccle-

257 2652 372 2698 siam
401 2667 511 2698 cum
546 2653 810 2699 reverentia
851 2651 1165 2716 sepelierunt,
1206 2653 1414 2699 animam
1451 2651 1664 2714 plurimis

258 2727 552 2774 orationibus
579 2738 720 2792 atque
738 2728 969 2791 suffragiis
991 2728 1173 2775 devotis
1196 2729 1405 2775 Domino
1425 2743 1665 2774 commen-

257 2803 440 2850 danteS.
