2054 3470
839 376 987 413 LIBER
1012 371 1210 411 PRIMUS.v
1683 372 1699 407 i
1711 372 1733 408 3

328 465 511 532 cipibus
527 474 575 512 et
590 461 834 510 nobilibus
849 461 898 507 in
926 460 1028 524 ipsa
1053 461 1312 505 Remorum
1332 456 1519 503 civitate
1540 470 1736 503 manen-

327 544 477 602 tibus,
514 557 674 588 versus
698 539 984 586 Parisiorum
1015 535 1184 582 urbem
1222 544 1268 581 et
1297 533 1736 596 Sanctum-Diony-

326 623 447 669 sium
477 620 566 666 iter
598 616 794 683 accepit.
831 619 923 663 lter
956 631 1069 661 vero
1101 614 1275 660 faciens
1309 628 1396 676 per
1427 611 1735 658 Suessionum

326 699 560 746 civitatem
578 733 589 755 ,
622 706 668 743 et
696 710 834 759 agros
865 691 1077 756 ejusdem
1110 707 1165 738 ex
1196 689 1435 736 veteribus
1459 703 1735 751 guerrarum

325 774 668 822 calamitatibus
691 772 829 820 valde
859 769 1101 834 squalidos
1136 767 1383 814 inveniens
1412 782 1468 813 ac
1498 765 1732 825 desertos,

325 852 387 900 ad
409 851 578 899 vallem
601 853 821 897 Maternae
840 847 1048 894 fluminis
1069 845 1454 907 Meldensemque
1477 843 1732 901 civitatem,

325 929 437 976 inde
458 945 570 975 vero
590 927 652 974 ad
675 923 1205 987 Sanctum-Dionysium
1228 923 1316 968 iter
1335 920 1529 967 inflexit.
1558 922 1667 977 Quo
1687 921 1735 966 in

324 1006 432 1053 loco
469 1005 718 1063 exsistens,
758 1003 904 1068 patris
942 1001 1014 1047 sui
1054 998 1357 1064 sepulchrum
1374 1036 1386 1055 ‚
1431 996 1565 1044 nullo
1605 1013 1738 1062 poene

324 1084 541 1148 impenso
564 1082 773 1138 honore,
800 1079 1030 1144 inspexit;
1070 1076 1153 1124 sed
1184 1085 1230 1122 et
1256 1091 1354 1122 nou
1389 1091 1559 1139 parum
1591 1075 1738 1139 ipsius

326 1159 646 1207 venerabilem
676 1156 958 1204 memoriam
982 1171 1073 1202 nec
1098 1152 1402 1200 mediocriter
1433 1161 1584 1198 totam
1607 1151 1738 1214 regni

327 1253 383 1284 ac
404 1236 663 1284 Delfinatus
683 1233 939 1280 Ecclesiam
963 1230 1224 1278 infamavit.

394 1317 504 1362 Erat
524 1314 572 1360 in
596 1314 696 1376 ejus
715 1313 946 1359 comitatu
969 1308 1163 1374 quidam
1190 1306 1356 1366 ItaluS,
1386 1306 1639 1371 episcopus
1663 1308 1739 1352 ln-

330 1391 637 1440 teramnensis
648 1393 676 1446 ¹,
708 1390 777 1436 Pii
798 1389 960 1454 papae’
982 1396 1184 1434 assertus
1207 1385 1386 1449 legatus
1409 1401 1491 1431 seu
1516 1384 1736 1442 nuntius,

331 1470 411 1533 qui
429 1468 571 1533 paulo
591 1476 700 1513 aute
723 1468 771 1513 in
791 1482 939 1530 regno
965 1463 1136 1528 Angliae
1157 1462 1320 1509 turbas
1342 1462 1633 1527 populorum
1655 1462 1740 1507 ad-

331 1563 492 1593 versus
513 1545 768 1592 Hem-icum
789 1560 972 1607 regem,
1006 1543 1055 1589 in
1087 1541 1296 1588 savorem
1327 1541 1533 1605 partium
1558 1539 1742 1586 Ebora-

331 1623 482 1670 censis
515 1622 671 1682 ducis,
703 1619 1112 1668 vehementissime
1138 1618 1378 1664 excitarat.
1414 1620 1456 1662 ls
1479 1633 1589 1663 cum
1613 1616 1742 1680 apud

333 1709 698 1746 monumentum
732 1697 900 1761 optimi
927 1695 1115 1754 Caroli,
1154 1710 1306 1758 nuper
1340 1693 1551 1739 defuncti
1585 1694 1705 1757 regis
1726 1729 1738 1752 ,

331 1775 558 1835 adstaret,
584 1775 883 1838 suggestione
917 1771 1261 1836 quorumdam,
1293 1771 1375 1834 qui
1412 1771 1495 1816 Pio
1527 1769 1742 1834 pontifici

330 1852 522 1916 regique
545 1853 702 1916 potius
721 1866 847 1897 novo
869 1849 1074 1896 blandiri
1093 1857 1341 1912 cuperent,
1360 1847 1448 1911 ipsi
1465 1847 1636 1894 Carolo
1660 1847 1742 1893 de-

330 1928 493 1975 functo
512 1928 759 1991 cujusdam
776 1925 1090 1974 absolutionis
1107 1925 1309 1971 formam
1329 1924 1605 1988 impendere
1624 1941 1743 1988 prae-

331 2007 554 2071 sumpsit,
581 2006 714 2069 quasi
737 2021 934 2051 censura
957 2004 1126 2066 ligatus
1151 2002 1659 2049 excommunicationis
1681 2003 1742 2049 ab

330 2083 426 2130 hoc
441 2082 611 2130 saeculo
631 2082 934 2139 transivisset,
956 2081 1020 2127 ob
1037 2096 1143 2127 eam
1159 2079 1379 2127 videlicet
1397 2095 1588 2126 causam
1610 2081 1743 2144 quod

262 2223 270 2231 ι
333 2160 519 2206 decreta
549 2169 821 2206 sanctorum
857 2161 1048 2204 Patrum
1067 2194 1079 2218 ,
1114 2157 1180 2203 eis
1203 2156 1393 2220 adjutor
1416 2156 1743 2222 benignusque

335 2236 490 2289 fautor
515 2237 754 2296 exsistens,
780 2235 954 2282 servari
976 2235 1025 2280 in
1051 2250 1196 2298 regno
1221 2250 1309 2280 suo
1333 2234 1392 2280 de
1417 2235 1642 2292 consilio,
1670 2252 1744 2282 as-

334 2331 476 2363 sensu
497 2332 551 2363 ac
576 2315 819 2362 voluntate
850 2313 1041 2376 majoris
1081 2329 1136 2360 ac
1171 2313 1372 2359 sanioris
1408 2314 1553 2377 partis
1584 2315 1746 2378 praela-

336 2400 493 2439 torum
523 2402 569 2440 et
602 2391 715 2439 cleri
741 2390 886 2438 totius
921 2389 1158 2452 gallicanae
1195 2389 1436 2448 Ecclesiae,
1474 2390 1745 2455 principum

391 2578 428 2618 1.
461 2579 686 2615 Nannr’ensis
705 2575 799 2613 dans
828 2574 865 2612 le
883 2586 954 2611 ms.
971 2604 979 2619 ,
1001 2571 1096 2609 mais
1114 2583 1186 2622 par
1204 2583 1351 2609 erreur.
1376 2570 1406 2608 ll
1427 2572 1537 2623 s'agit
1554 2572 1602 2610 (le
1622 2574 1746 2610 Fran-

340 2647 446 2672 cesco
464 2635 618 2686 Copini,
644 2637 792 2685 cvi-que
818 2634 865 2671 de
883 2632 1012 2679 Terni,
1035 2631 1100 2682 qui
1114 2662 1125 2679 ,
1146 2643 1296 2668 comme
1315 2631 1350 2668 le
1370 2631 1425 2668 dit
1445 2632 1623 2677 l'auteur,
1645 2633 1747 2671 avait

341 2692 456 2731 abusi:
481 2694 528 2731 de
555 2707 614 2732 ses
633 2693 814 2745 pouvoirs
839 2692 887 2730 de
912 2692 1014 2743 legat
1039 2704 1136 2741 pour
1157 2690 1343 2727 favoriser
1366 2691 1400 2728 la
1422 2691 1561 2728 saction
1583 2691 1743 2740 d'York‚

343 2766 390 2791 en
405 2753 637 2804 Angleterre.
658 2756 761 2791 cette
779 2751 958 2789 conduite
982 2751 1017 2788 le
1039 2752 1077 2787 tit
1093 2750 1256 2800 deposen·
1272 2751 1292 2786 1⁸1
1311 2763 1380 2787 son
1401 2759 1533 2788 retour
1551 2764 1599 2788 en
1619 2751 1740 2790 Italie.

343 2811 542 2862 Raynaldi‚
557 2813 722 2848 Annales
740 2814 888 2856 eccles„
909 2818 937 2846 t.
954 2811 1040 2856 VII,
1064 2822 1104 2859 p.
1128 2810 1195 2855 68,
1218 2810 1309 2858 522,
1333 2810 1423 2846 123.

397 2873 435 2909 2.
467 2873 520 2907 Le
539 2883 636 2920 pape
655 2869 722 2907 Pie
739 2872 790 2907 11.
