2054 3470
450 295 500 332 68
809 297 1151 334 HISTORIARUM
1178 297 1414 334 LUDOVICI
1441 298 1497 333 XI

449 401 542 447 que
571 400 741 449 magua
766 384 1016 432 satellitum
1040 395 1226 432 caterva
1250 385 1471 449 stipatus,
1502 396 1853 444 convenerunt,

448 471 495 508 et
513 461 623 517 illic,
642 463 819 527 pariter
837 462 1030 509 remotis
1051 461 1255 519 arbitris,
1277 462 1508 526 plurimos
1526 462 1730 509 invicem
1752 463 1858 510 mis·

447 555 587 586 cuere
610 556 869 586 sermones.
899 539 1081 596 Quibus
1107 538 1271 597 finitis,
1302 539 1444 585 veluti
1470 555 1562 603 pax
1584 549 1632 586 et
1654 540 1858 588 amicitia

446 616 570 664 bene
603 618 845 680 integratae
878 627 1019 681 atque
1049 618 1316 664 instauratae
1351 626 1531 677 essent,
1571 626 1769 682 uterque
1806 617 1854 664 in

446 694 640 758 propria
663 711 711 741 se
734 694 927 758 recepit.

510 773 567 818 Et
600 771 666 818 sic
699 770 760 818 ab
791 771 996 818 invicem
1028 770 1365 830 discesserunt3
1398 780 1444 818 et
1479 770 1674 834 quidem
1708 770 1858 818 foedus

445 849 694 911 antiquum
733 848 1064 909 continuatum
1102 847 1175 894 vel
1211 857 1521 894 restauratum
1562 847 1715 894 verbis
1755 864 1855 895 esse

444 925 567 971 inter
595 942 677 972 eos
706 925 886 990 potuit3
920 924 1003 972 sed
1032 925 1268 985 amicitiae,
1301 925 1446 972 semel
1472 925 1638 973 dirutae
1666 926 1740 973 vel
1770 926 1855 973 sce-

443 1002 581 1064 datae,
601 1004 785 1050 sincera
802 1001 1064 1049 concordia
1078 1001 1268 1049 difficile
1284 1019 1495 1067 unquam
1514 1013 1674 1067 postea
1692 1019 1857 1050 recon-

445 1080 592 1127 ciliari
621 1089 835 1144 possunt.
867 1079 1028 1141 Unde,
1059 1096 1170 1126 cum
1193 1071 1382 1127 fratrem
1407 1079 1603 1127 haberet
1625 1096 1674 1126 se
1692 1081 1855 1144 junio-

444 1172 546 1202 rem
579 1156 679 1220 ipse
716 1172 798 1202 rex
834 1155 1085 1217 Castellae¹,
1119 1172 1265 1220 quem
1298 1172 1395 1203 una
1427 1155 1568 1202 factio
1602 1173 1853 1220 procerum

445 1233 578 1296 regni
600 1232 823 1280 libentius
845 1233 894 1279 in
923 1250 1082 1297 regem
1107 1233 1422 1292 sublimasset,
1451 1244 1519 1292 et,
1552 1250 1638 1298 per
1660 1233 1779 1292 hoc,
1807 1235 1855 1280 in

445 1320 663 1375 apertum
687 1310 1216 1376 manifestissimumque
1235 1310 1482 1358 dissidium
1508 1310 1733 1357 adversus
1755 1310 1858 1358 fra-

446 1397 564 1433 trem
589 1403 726 1434 suum
753 1403 914 1451 regem
939 1387 1173 1435 adductus
1205 1397 1353 1444 esset,
1379 1387 1493 1434 huic
1518 1387 1733 1435 fraternae
1759 1387 1856 1434 dis-

446 1464 654 1510 sensioni
686 1464 758 1511 vel
789 1463 1068 1526 exordium,
1105 1465 1179 1512 vel
1217 1464 1278 1512 ad
1311 1465 1563 1512 minimum
1593 1464 1856 1511 fomentum

447 1540 751 1605 favoremque
776 1559 917 1589 suum
934 1542 1217 1603 Ludovicus,
1246 1558 1326 1589 rex
1342 1545 1650 1603 Francorum,
1677 1544 1851 1607 praesti-

447 1620 553 1665 tisse
577 1618 830 1667 serebatur.

918 1812 1254 1858 CAPITULUM
1287 1815 1386 1858 XX.

446 1940 640 1984 Quomodo
667 1953 784 1975 comes
806 1939 852 1974 de
879 1941 1049 1975 Charolois
1071 1953 1189 1987 regem
1211 1941 1365 1975 Turonis
1383 1942 1560 1976 visitatum
1578 1943 1694 1989 venit,
1715 1944 1772 1978 cui
1796 1957 1856 1979 rex

497 1994 702 2028 vicariatum
718 1993 876 2040 regendae
898 2002 931 2027 et
951 1993 1235 2028 administrandae
1250 1995 1478 2028 Normanniae
1496 1993 1613 2039 dedit,
1643 1996 1709 2030 sibi
1731 2010 1858 2044 magna

494 2047 661 2094 pensione
676 2047 882 2090 constituta;
901 2059 978 2093 quae
997 2047 1119 2081 omnia
1134 2047 1166 2082 ei
1182 2047 1296 2082 statim
1315 2046 1458 2082 ademit.

515 2169 633 2212 Cum
649 2176 807 2212 autem
824 2182 880 2212 ex
894 2166 1129 2212 Vasconia
1144 2166 1191 2212 in
1211 2167 1455 2213 Franciam
1480 2184 1694 2215 reversus
1719 2171 1860 2217 esset’

451 2254 498 2292 et
514 2245 717 2290 Turonis
735 2254 816 2290 aut
838 2244 885 2289 in
906 2244 1070 2290 vicinis
1091 2243 1289 2290 castellis
1305 2253 1479 2307 ageret,
1499 2244 1562 2292 ad
1581 2261 1691 2292 eum
1709 2246 1859 2294 visen-

451 2323 567 2369 dum
597 2322 1034 2386 honorandumque
1065 2322 1283 2381 Carolus,
1320 2321 1444 2369 filius
1472 2323 1641 2370 unicus
1670 2323 1859 2372 illustris

452 2398 673 2464 Philippi,
694 2398 1086 2461 Burgundionum
1102 2398 1253 2458 ducis,
1272 2399 1478 2446 accessit.
1495 2399 1583 2446 Cui
1598 2399 1715 2464 (sive
1728 2417 1853 2461 vere,

452 2480 549 2526 sive
580 2480 796 2526 simulate
823 2478 918 2526 hoc
942 2489 1121 2542 ageret,
1155 2480 1388 2527 incertum
1422 2490 1535 2527 tunc
1570 2480 1859 2544 habebatur)

453 2617 491 2654 la
517 2614 757 2667 negociation
790 2614 884 2652 dans
914 2614 951 2652 le
986 2616 1191 2652 commines
1225 2614 1273 2653 de
1304 2614 1463 2667 Lenglet
1492 2615 1727 2666 Dufresnoy‚
1755 2623 1784 2653 t.
1803 2618 1857 2664 11,

452 2691 492 2729 p.
521 2677 596 2714 376
615 2684 653 2713 et
671 2674 771 2714 suiv.

508 2739 547 2776 1.
578 2739 664 2773 Don
681 2734 890 2787 Alphonse.

507 2796 546 2832 2⁴.
578 2798 638 2832 Au
658 2793 752 2831 mois
767 2792 814 2830 de
829 2791 954 2839 juillet
971 2794 1087 2829 1463.
