2054 3470
786 335 934 373 LIBER
963 333 1213 381 QUARTUS.
1629 334 1705 372 315

291 426 406 474 driae
446 425 543 472 dux
581 423 763 471 senior-¹
797 422 924 469 viam
964 421 1125 468 fuisset
1160 420 1392 469 universae
1429 423 1585 470 carnis
1623 423 1708 470 in·-

291 519 500 568 gressus,
537 501 671 565 cujus
693 497 874 548 filium²
883 535 896 560 ,
933 498 998 546 ob
1022 507 1265 546 certorum
1302 500 1622 564 suspicionem
1652 517 1708 548 ac

292 579 606 646 patrationem
651 576 910 634 scelerum,
954 576 1056 641 ipse
1089 576 1486 639 Burgundionum
1514 576 1622 624 dux
1658 578 1708 625 in

292 672 528 705 carcerem
549 663 752 702 truserat
784 653 869 700 diu
897 661 1008 700 ante
1038 653 1112 700 sui
1133 653 1359 717 genitoris
1381 653 1592 701 obitum³
1595 671 1710 714 ‚ex-

292 732 584 799 peditionem
609 730 745 778 duxit
768 730 818 777 in
842 729 1062 778 eamdem
1083 729 1349 789 GeIdriam,
1384 730 1571 796 sibique
1603 747 1710 780 eam

292 809 435 858 armis
467 809 642 856 victam
669 817 717 855 et
745 807 1005 855 edomitam
1040 807 1316 871 acquisivit,
1342 818 1485 873 atque
1518 825 1614 856 suae
1641 808 1713 857 di-

293 887 436 936 tionis
455 887 628 936 effecit.

356 967 497 1012 Hunc
527 973 688 1012 autem
711 962 903 1011 titulum
931 962 1240 1027 coloremque
1264 961 1550 1011 ostendebat
1583 963 1714 1012 idem

292 1041 391 1089 dux
423 1040 844 1106 Burgundionum,
881 1040 957 1088 ut‘
985 1039 1177 1105 publice
1214 1039 1469 1100 ferebatur,
1495 1040 1558 1088 ad
1582 1058 1714 1089 eum·

293 1118 404 1167 dem
437 1119 665 1166 ducatum
684 1118 886 1166 Geldriae
907 1117 998 1165 sibi
1020 1117 1382 1181 acquirendum.

357 1198 479 1243 Cum
500 1197 631 1244 enim
654 1194 733 1243 ille
762 1196 923 1244 senior
956 1194 1055 1242 dux
1083 1211 1111 1242 a
1142 1194 1242 1242 filio
1279 1211 1369 1242 suo
1405 1194 1645 1243 diceretur
1668 1206 1715 1243 et

286 1274 545 1337 jactaretur
580 1272 758 1321 inutilis
787 1281 929 1337 atque
948 1272 1196 1327 remissior
1226 1271 1287 1319 ad
1322 1274 1714 1337 procurationem

293 1359 340 1398 et
369 1349 831 1398 administrationem
867 1350 1057 1415 patriae,
1084 1349 1291 1396 factione
1322 1350 1488 1397 matris
1524 1352 1646 1397 suae‘
1669 1359 1717 1397 et

294 1427 638 1475 nonnullorum
667 1427 728 1475 de
749 1428 924 1492 patria,
949 1427 1078 1475 idem
1112 1426 1235 1474 filius
1268 1443 1411 1475 ausus
1438 1437 1507 1475 est
1531 1437 1716 1492 patrem

295 1521 434 1552 suum
448 1540 461 1563 ‚
482 1505 638 1552 virum
661 1506 849 1568 utique,
876 1514 929 1552 ut
950 1504 1207 1563 ferebatur,
1229 1503 1416 1552 bonum
1439 1515 1487 1553 et
1509 1506 1717 1571 pruden-

295 1590 414 1639 tem,
446 1581 555 1629 licet
577 1581 787 1629 fortassis
808 1581 871 1628 ad
894 1580 1222 1634 cohibendum
1254 1582 1444 1646 rapinas
1465 1591 1513 1629 et
1540 1592 1717 1630 terram

296 1659 344 1705 in
363 1659 614 1706 securitate
630 1668 678 1706 et
689 1658 907 1706 libertate
922 1659 1323 1707 commerciorum
1337 1660 1717 1708 conservandam

296 1736 454 1782 minus
468 1735 598 1799 justo
628 1736 889 1795 intentum,
915 1735 1278 1800 apprehendere
1309 1746 1357 1784 et
1378 1737 1558 1783 carceri
1581 1753 1716 1785 man·

294 1813 468 1878 cipare.
496 1816 607 1860 Erat
629 1814 758 1860 enim
783 1813 908 1860 idem
934 1812 1059 1860 filius
1084 1814 1195 1862 satis
1216 1830 1326 1861 acer
1347 1814 1539 1877 ingenio
1563 1824 1611 1862 et
1632 1831 1716 1862 cu-

294 1889 436 1955 pidus
458 1889 769 1950 dominandi3
803 1890 931 1938 unde
953 1900 1137 1954 patrem
1163 1908 1326 1950 suum,
1353 1901 1521 1938 contra
1539 1892 1618 1955 jus
1641 1891 1716 1938 di-

294 1966 459 2014 vinum
503 1976 551 2014 et
587 1966 884 2028 humanum,
926 1967 1103 2014 nefarie
1141 1978 1538 2033 praesumpserat,
1581 1969 1717 2015 omni

296 2043 514 2090 dominio
538 2053 586 2091 et
617 2045 895 2092 auctoritate
917 2044 1155 2092 nudatum
1169 2082 1181 2106 ‚
1208 2046 1256 2092 in
1275 2062 1514 2094 carcerem
1532 2046 1718 2094 mittere

298 2131 344 2168 et
366 2121 477 2168 satis
498 2120 600 2167 dire
624 2131 767 2186 atque
788 2121 1111 2169 inhumaniter
1136 2137 1392 2170 asservare.

362 2199 414 2244 In
449 2213 546 2260 quo
587 2198 762 2246 scelere
802 2215 913 2245 cum
954 2197 1043 2245 sibi
1080 2199 1430 2264 Noviomagum
1450 2200 1463 2224 ⁸
1496 2208 1544 2246 et
1579 2198 1719 2264 plura

299 2275 459 2339 patriae
483 2276 662 2341 oppida
686 2276 870 2324 favores
891 2277 1191 2341 impertirent
1209 2314 1220 2336 ‚
1245 2277 1532 2342 quibusdam
1555 2286 1716 2324 tamen

300 2352 495 2399 minime
535 2369 779 2400 assensum
823 2353 1153 2418 praestantibus
1169 2391 1181 2415 ,
1227 2371 1314 2420 per
1356 2371 1511 2402 annos
1556 2354 1718 2420 plures

356 2470 394 2507 1.
424 2470 599 2509 Arnould
619 2469 847 2522 d‘Egmont‚
868 2471 943 2510 duc
964 2471 1013 2510 de
1032 2456 1220 2511 Gueldres
1246 2480 1284 2511 et
1304 2480 1429 2512 comte
1451 2472 1499 2512 de
1519 2472 1715 2525 Zutphen,

302 2537 457 2567 mourut
474 2529 512 2568 le
529 2533 579 2569 24
599 2532 743 2570 sevrier
767 2535 885 2572 1473.

355 2588 395 2625 2.
424 2588 601 2641 Adolphe
620 2591 668 2629 de
685 2591 891 2634 Gueldres.

386 2676 395 2684 .
426 2648 488 2685 Au
505 2659 833 2689 commencement
851 2651 900 2689 de
918 2651 1068 2689 l’annee
1088 2653 1205 2689 1470.

387 2733 396 2743 .
427 2707 481 2741 Et
497 2705 592 2744 dans
612 2707 648 2745 le
669 2720 742 2746 ms.

388 2791 397 2802 .
428 2763 631 2803 catherine
651 2765 700 2805 de
722 2766 870 2808 eleves.

388 2853 395 2860 .
428 2823 627 2875 Nimegue.

357 2649 382 2860 &Otthw
