2054 3470
632 319 638 323 .
661 273 809 320 LIBER
835 284 1105 322 SECUNDUS.
1518 287 1596 325 143

180 372 332 420 tocius
365 379 602 418 maturare
632 368 802 430 vellet,
837 371 1047 418 maximo
1083 369 1310 418 omnibus
1343 372 1527 421 civibus
1551 383 1599 420 et

178 447 341 512 patriae
373 445 544 494 accolis
576 444 790 493 futurum
823 447 994 494 solatio
1023 456 1071 493 et
1107 447 1355 512 praesidi03
1382 447 1598 513 nihilque

178 519 324 590 super
365 522 592 587 regimine
644 532 692 570 et
734 522 904 571 officiis
937 523 1194 588 provinciae
1231 524 1488 589 disponere
1522 527 1598 574 vel

179 600 433 650 decernere
451 599 615 659 vellet,
643 599 800 648 donec
813 637 827 662 ,
852 600 1015 649 habita
1032 617 1118 666 per
1138 603 1447 668 semetipsum
1467 602 1598 651 urbis

178 677 503 744 possessione,
543 694 656 725 suos
691 677 857 726 fideles
892 688 939 726 et
969 678 1198 741 devotos,
1231 681 1317 745 qui
1349 681 1401 727 in
1425 680 1596 728 eadem

178 772 265 821 per
295 753 472 803 multos
496 754 596 819 jam
638 755 740 804 dies
778 752 920 804 suum
945 756 1218 821 jucundum
1255 757 1598 822 operiebantur

177 833 462 894 adventum,
487 833 756 882 audiendos
776 834 1012 897 duxisset3
1041 836 1124 900 qui
1148 852 1292 900 super
1314 837 1475 885 multis
1508 837 1597 884 sibi

176 927 233 961 ac
253 911 343 960 toti
364 912 528 978 patriae
559 912 875 962 saluberrima
894 912 1096 961 consilia
1117 913 1275 961 daturi
1297 925 1469 962 essent.

238 989 416 1039 Volens
431 990 574 1054 igitur
592 990 694 1057 ipse
707 992 899 1055 juvenis
913 993 1139 1057 princeps
1154 992 1366 1057 optimus
1381 993 1598 1058 cupiens-

174 1083 269 1133 que
308 1067 407 1115 suis
445 1068 630 1117 civibus
669 1069 997 1136 complacere,
1044 1070 1107 1118 ad
1144 1070 1412 1134 ingressum
1455 1088 1596 1119 suum

172 1144 426 1210 praefinivit
443 1146 589 1195 diem.
618 1150 775 1207 Quem
791 1186 804 1210 ‚
828 1166 941 1196 cum
959 1147 1238 1196 observasse
1254 1148 1590 1209 desiderasset,

173 1221 615 1288 importunitatibus
636 1226 874 1274 malorum
905 1226 1166 1274 hominum
1188 1227 1386 1275 minime
1410 1227 1507 1275 hoc
1526 1227 1596 1275 ef-

173 1298 316 1349 ficere
336 1302 509 1367 potuit.
537 1303 751 1351 Tandem
771 1321 886 1363 cum
904 1321 990 1370 per
1023 1304 1124 1352 dies
1155 1304 1357 1364 multos,
1385 1306 1597 1371 primum

174 1379 425 1441 Vernone,
452 1379 629 1428 deinde
651 1381 782 1446 apud
808 1381 1220 1444 Pontem-Archae,
1248 1382 1410 1430 fuisset
1443 1399 1599 1430 remo-

174 1463 304 1503 ratus
319 1490 333 1515 ,
373 1457 438 1505 ad
470 1460 816 1507 monasterium
846 1463 999 1508 Beatae
1035 1459 1324 1519 Catharinae‚
1368 1460 1511 1507 situm
1548 1460 1596 1507 in

174 1533 352 1582 vertice
372 1536 551 1583 montis
573 1537 657 1601 qui
680 1538 922 1602 prominet
947 1538 1178 1598 civitati¹,
1205 1554 1317 1585 cum
1346 1537 1468 1585 duce
1497 1538 1596 1584 Bri-

175 1611 349 1659 tanniae
370 1614 582 1661 accessit.

239 1691 350 1748 Quo
384 1689 494 1738 loco
534 1708 646 1738 cum
676 1709 762 1757 per
795 1692 956 1758 plures
989 1692 1116 1752 dies,
1156 1693 1598 1757 importunitatibus

174 1782 343 1814 eorum
366 1768 451 1832 qui
467 1803 481 1828 ‚
505 1777 560 1816 ut
589 1768 794 1817 diximus
810 1806 823 1830 ‚
850 1770 996 1817 totius
1025 1770 1189 1835 patriae
1201 1769 1415 1818 honores
1432 1779 1478 1817 et
1493 1769 1599 1816 offi-

173 1844 248 1892 cia
270 1843 572 1903 ambiebant,
598 1846 742 1893 etiam
767 1846 1070 1908 substitisset,
1104 1847 1166 1895 ab
1185 1847 1260 1895 his
1280 1848 1364 1912 qui
1388 1864 1446 1895 ex
1462 1849 1597 1912 omni

174 1920 427 1984 provincia
464 1921 819 1987 Rothomagum
847 1934 1203 1985 convenerant,
1230 1923 1506 1971 solemniter
1527 1925 1597 1971 vi-

173 1997 340 2046 sitatus
352 1998 462 2059 suit,
492 1999 633 2047 taedio
656 2017 831 2065 magno
861 2001 1031 2067 procul
1056 2001 1207 2048 dubio
1231 2002 1436 2062 affectis,
1462 2001 1597 2066 quod

173 2091 344 2136 suum,
384 2085 484 2125 tam
517 2077 603 2124 diu
644 2077 967 2126 desideratum
985 2115 998 2140 ,
1035 2079 1298 2127 retardaret
1330 2079 1383 2126 in
1420 2079 1594 2127 urbem

173 2153 456 2218 ingressum.
481 2156 682 2220 Fuitque
706 2156 1029 2205 consalutatus
1050 2174 1106 2205 ex
1126 2157 1289 2223 patriae
1313 2159 1486 2205 totius²
1506 2175 1596 2206 no-

174 2231 336 2293 mine,
360 2241 409 2279 et
431 2233 732 2280 orationibus
768 2233 1063 2281 solemnibus
1097 2234 1284 2281 duabus
1301 2272 1314 2296 ‚
1352 2251 1518 2283 coram
1547 2252 1596 2282 se

173 2307 376 2371 habitis,
416 2326 504 2359 suo
548 2310 775 2358 adventui
811 2311 1214 2375 congratulatum.
1255 2311 1442 2370 Quibus
1484 2329 1596 2359 cum

175 2385 420 2435 interesset
438 2397 485 2435 et
502 2405 708 2454 praesens
727 2387 913 2435 adforet
934 2387 1032 2435 dux
1054 2388 1329 2448 Britanniae,
1355 2406 1467 2436 cum
1489 2405 1597 2437 suo-

178 2478 287 2510 rum
316 2464 622 2513 multitudine
659 2465 773 2530 (qui
814 2475 947 2512 tanta
991 2464 1254 2513 ambitione
1300 2465 1592 2531 flagrabant,

179 2538 240 2586 ad
271 2542 508 2590 custodias
539 2543 786 2595 civitatum
822 2541 1116 2608 oppidorum
1143 2552 1191 2590 et
1222 2553 1488 2591 castrorum
1510 2561 1596 2609 pa-

233 2665 252 2700 1
264 2693 277 2705 .
304 2662 660 2704 Sainte-Catherine
677 2664 731 2704 du
753 2667 875 2712 Mont,
896 2663 1107 2703 au-dessus
1123 2665 1172 2703 de
1189 2668 1340 2704 Rouen.

233 2723 272 2759 2.
301 2723 356 2759 Le
379 2734 453 2770 ms,
484 2723 612 2771 ajoute
632 2728 848 2773 provinciae,
870 2724 937 2775 qui
961 2732 1018 2762 est
1037 2724 1075 2762 la
1094 2726 1220 2763 meme
1240 2726 1355 2763 chose
1369 2737 1446 2774 que
1456 2727 1592 2772 patriae

180 2786 305 2820 totius.
