2054 3470
651 347 797 386 LIBER
835 345 1104 384 SECUNDUS.
1510 350 1527 385 1
1535 350 1587 386 95

243 442 364 487 Cum
390 447 547 487 autem
574 428 703 501 apud
725 433 950 483 eumdem
971 434 1178 497 legatum
1204 433 1582 496 succubuissent,

179 525 227 564 et
249 514 529 564 sententiam
554 512 803 561 adversam
830 514 1188 575 reportassent¹,
1219 526 1325 558 eam
1351 511 1413 559 ad
1437 513 1589 575 majus

180 592 388 643 tribunal
415 592 684 657 (sperantes
714 587 890 636 debere
922 589 972 635 in
1003 587 1172 636 melius
1195 588 1494 653 reformari),
1519 606 1590 637 se-

181 672 291 721 dem
321 673 472 737 ipsam
500 666 811 734 apostolicam
839 675 1165 731 provocarunt
1192 676 1240 713 et
1272 666 1589 732 appellarunt.

183 748 253 797 Ad
286 747 420 811 cujus
457 744 664 801 tribunal
707 745 947 803 sistenteS,
978 743 1216 791 renovatis
1245 752 1388 806 atque
1417 744 1594 792 iteratis

176 823 478 891 judicialibus
493 821 796 871 cautionibus
815 831 958 886 atque
971 820 1371 868 submissionibus
1383 822 1594 887 primum

182 903 311 970 apud
329 903 565 950 Treverim
588 900 821 966 praestitis,
848 916 982 948 suam
1005 899 1377 966 appellationem
1402 900 1485 948 diu
1511 917 1597 967 per

181 979 427 1046 syndicOS,
466 978 756 1027 sufficienter
790 987 838 1026 et
875 976 1030 1025 valide
1067 976 1317 1039 fundatos,
1357 979 1598 1043 prosecuti

181 1067 310 1107 sunt.
345 1060 396 1105 ln
434 1073 531 1122 qua
558 1055 893 1122 prosequenda
927 1071 1040 1103 cum
1068 1055 1280 1120 plenarie
1306 1055 1458 1103 auditi
1486 1055 1600 1103 fuis-

182 1145 309 1194 sent,
334 1145 382 1183 et
403 1134 670 1194 dilatorias,
697 1143 793 1181 tam
819 1132 1121 1198 probatorias
1144 1149 1289 1197 quam
1314 1133 1453 1195 alias,
1481 1149 1602 1198 quas

177 1212 298 1277 juris
323 1212 447 1260 ordo
469 1212 762 1278 expostulat,
792 1209 986 1258 abunde
1014 1221 1061 1258 et
1091 1210 1382 1258 sufficienter
1406 1211 1602 1260 habuis-

183 1297 315 1347 sent,
352 1287 549 1335 tandem
579 1303 722 1334 causa
753 1285 815 1333 ad
845 1285 1081 1333 calculum
1110 1286 1315 1335 ferendae
1342 1285 1603 1335 diffinitivae

183 1365 441 1429 perducta,
468 1365 628 1412 denuo
653 1364 796 1412 etiam
817 1363 1288 1423 condemnatoriam,
1316 1373 1364 1412 et
1384 1364 1605 1412 decreto-

187 1458 294 1489 rum
316 1442 447 1507 prius
467 1459 552 1508 per
567 1441 775 1506 legatum
797 1440 928 1506 apud
946 1443 1184 1490 Treverim
1209 1441 1462 1507 [latorum]
1489 1460 1606 1490 con-

189 1518 498 1567 firmatoriam
521 1520 805 1567 sententiam
826 1529 1134 1585 reportarunt
1156 1538 1166 1566 ε
1188 1520 1285 1568 hoc
1307 1520 1398 1568 sibi
1419 1537 1606 1585 suoque

189 1596 404 1662 pontifici
427 1597 615 1646 honore
642 1596 876 1657 exhibito,
909 1597 1065 1661 quod,
1096 1614 1196 1644 non
1224 1615 1310 1663 per
1338 1597 1604 1662 delegatos,

190 1673 274 1721 sed
296 1691 380 1739 per
405 1675 710 1739 semetipsum
732 1669 946 1721 summus
969 1674 1181 1739 pontifex
1205 1675 1402 1722 Paulus'
1422 1684 1605 1724 senten·

189 1749 303 1798 tiam
326 1751 646 1816 promulgavit
666 1761 810 1816 atque
831 1768 889 1799 ex
909 1752 1086 1817 scripto
1108 1753 1357 1800 recitavit⁸.

254 1829 375 1876 Cum
407 1846 521 1876 vero
556 1828 890 1894 postmodum,
926 1838 978 1875 ut
1007 1830 1077 1876 rei
1107 1839 1330 1894 parerent
1358 1828 1604 1894 judicatae,

184 1906 388 1973 juridice
420 1907 589 1972 saepius
610 1907 890 1972 vicibusque
921 1906 1197 1955 multotiens
1232 1908 1443 1973 repetitis
1480 1924 1610 1956 com-

189 1985 359 2032 moniti
381 1985 685 2045 exstitissent,
712 1993 809 2032 tam
833 1994 1106 2049 protervos,
1135 1994 1443 2032 contumaces
1467 1995 1610 2049 atque

192 2061 424 2128 superbos
461 2063 609 2128 ipsius
648 2078 882 2127 supremae
924 2072 970 2109 et
1019 2062 1290 2127 apostolicae
1330 2063 1458 2110 sedis
1508 2079 1610 2110 sese

193 2138 448 2187 exhibuere
471 2149 840 2204 contemptores,
866 2149 920 2186 ut
940 2139 1117 2187 nullius
1134 2156 1346 2188 censurae
1365 2139 1609 2188 ecclesias·

194 2215 295 2263 ticae
322 2225 474 2276 metu,
499 2216 674 2263 nullius
701 2232 875 2280 poenae,
897 2215 1078 2281 *nullius
1099 2217 1489 2264 comminationis
1512 2217 1607 2264 for·
1677 2216 1685 2219 ⁷

195 2291 390 2353 midine,
412 2309 624 2357 unquam
641 2309 807 2357 parere
824 2292 1084 2353 voluerint3
1107 2293 1263 2340 donec
1282 2293 1344 2341 ad
1366 2293 1605 2354 ultimum,

197 2369 417 2417 omnibus
434 2370 701 2418 christianis
720 2370 1014 2436 principibus
1031 2380 1078 2417 et
1094 2371 1368 2436 potentibus
1387 2373 1604 2437 expositi,

196 2447 304 2510 igne
318 2447 511 2499 tandem
525 2458 669 2513 atque
687 2447 811 2496 ferro
829 2448 1060 2514 populati,
1084 2448 1148 2496 ad
1163 2449 1254 2497 tale
1272 2451 1606 2498 exterminium

197 2541 247 2571 se
268 2533 315 2571 et
334 2526 534 2588 patriam
558 2537 692 2573 suam
714 2526 1055 2591 perduxerunt.

262 2603 367 2647 Non
394 2602 546 2648 refero
573 2604 1107 2663 excommunicationes,
1134 2605 1509 2668 aggravationes,
1536 2621 1609 2651 re-

254 2731 292 2766 1.
323 2728 373 2764 10
396 2727 610 2778 septembre
629 2731 744 2769 1464.

253 2789 292 2824 2.
323 2789 376 2824 Le
396 2798 494 2837 pape
512 2787 605 2824 Paul
625 2789 677 2826 Π.

255 2847 291 2883 3.
322 2848 375 2883 Le
398 2846 447 2882 23
471 2844 674 2883 decembre
690 2848 808 2884 1465.
