2054 3470
397 332 447 368 96
761 330 1102 368 HISTORIARUM
1128 330 1365 367 LUDOVICI
1393 331 1450 366 XI

398 426 581 464 menter
625 410 691 465 et'
712 417 1039 465 miserabiliter
1072 418 1299 465 falluntur
1331 427 1379 464 et
1409 427 1700 465 excaecantur
1730 419 1808 466 illa

396 495 615 560 pestifera
647 494 907 542 ambitione
937 504 985 542 et
1017 495 1301 542 dominandi
1333 495 1499 542 effreni
1531 494 1805 560 cupiditate.

396 571 620 620 Volentes
649 572 776 619 enim
806 571 1045 620 dominari
1071 582 1116 619 et
1144 573 1306 620 invicti
1332 582 1475 636 atque
1502 572 1655 620 securi
1682 584 1807 635 esse,

399 648 479 696 tali
506 650 582 696 via
612 660 837 697 neutrum
867 660 1206 713 assequuntur3
1237 650 1344 712 sed,
1372 649 1453 696 ubi
1489 667 1539 697 se
1575 649 1812 697 dominari

398 727 692 785 existimant,
741 726 834 773 illic
884 727 1196 775 miserrimam
1244 728 1518 775 servitutem
1561 728 1813 775 incurrunt

399 803 642 863 elationis,
679 803 979 862 ambitionis,
1011 805 1224 867 invidiae,
1256 816 1435 866 metus,
1469 805 1807 865 formidinum,

399 879 793 939 sollicitudinum,
810 897 1049 942 curarum,
1073 882 1360 929 anxietatum
1382 898 1438 929 ac
1455 883 1693 929 variarum
1713 892 1812 930 tur-

399 958 700 1023 pissimarum
727 957 1003 1023 passionum
1026 967 1073 1004 et
1094 958 1428 1023 cupiditatum,
1453 974 1655 1024 quarum
1686 959 1733 1005 in
1762 974 1811 1006 se

399 1034 719 1094 dominatum,
751 1045 866 1082 tunc
893 1035 1100 1082 maxime
1127 1052 1238 1082 cum
1265 1035 1407 1083 rebus
1432 1037 1578 1101 potiri
1605 1035 1811 1084 credun·

398 1121 498 1172 tur,
524 1129 753 1176 suamque
777 1112 1078 1160 durissimam
1101 1112 1190 1160 sub
1212 1113 1389 1160 eisdem
1412 1114 1684 1161 servitutem
1724 1115 1811 1161 mi-

400 1189 619 1251 serrime,
658 1190 833 1251 velint,
870 1190 1047 1248 nolint,
1084 1191 1409 1255 experiuntur.
1447 1191 1642 1237 Domini
1670 1191 1813 1254 igitur

400 1266 649 1330 quomodo
672 1277 800 1326 sunt,
826 1267 909 1330 qui
933 1266 1241 1314 dominorum
1263 1277 1335 1315 tot
1356 1268 1671 1333 pessimorum
1693 1268 1813 1315 infe-

399 1344 632 1392 licissimae
657 1345 868 1391 servituti
894 1343 1070 1391 addicti
1099 1342 1239 1392 sunt?
1264 1345 1347 1391 sed
1371 1361 1482 1406 nec,
1510 1345 1814 1409 quantumvis

398 1422 541 1486 longe
559 1422 749 1486 lateque
768 1422 1020 1486 imperium
1041 1422 1343 1487 protulerint,
1366 1422 1530 1469 invicti
1546 1431 1674 1481 sunt,
1696 1437 1726 1469 a
1742 1431 1815 1468 tot

398 1499 617 1563 pessimis
645 1498 854 1545 dominis
883 1499 1011 1545 victi.
1039 1499 1210 1545 Utilius
1233 1500 1433 1564 quippe,
1462 1498 1538 1546 vel
1558 1499 1718 1546 minus
1739 1498 1813 1544 in-

400 1576 595 1623 feliciter
621 1575 682 1622 ab
708 1575 925 1634 homine,
954 1592 1098 1640 quam
1123 1592 1149 1623 a
1171 1586 1243 1623 tot
1264 1577 1387 1623 vitiis
1415 1585 1462 1623 et
1493 1576 1728 1641 praecipue
1752 1573 1813 1622 ab

399 1654 501 1717 ipsa
524 1651 808 1700 dominandi
836 1653 1095 1718 cupiditate
1113 1653 1432 1700 vincerentur.
1463 1653 1628 1700 Invicti
1653 1661 1815 1700 autem

401 1747 524 1789 esse,
549 1731 653 1777 sine
675 1730 955 1794 cujusquam
978 1731 1173 1795 injuria,
1201 1741 1419 1796 possent,
1446 1732 1486 1778 si
1512 1730 1669 1778 solum
1696 1728 1814 1777 illud

401 1825 567 1855 verum
591 1818 638 1855 et
658 1808 920 1873 perfectum
946 1820 1159 1856 amarent
1180 1809 1387 1869 bonum,
1414 1808 1548 1873 quod
1569 1809 1636 1855 eis
1656 1807 1815 1854 invitis

400 1885 571 1932 auferri
598 1902 697 1932 non
721 1886 885 1949 possit.
915 1888 1020 1932 Non
1044 1886 1172 1932 enim
1195 1886 1419 1950 cuiquam
1440 1884 1708 1931 inviderent
1724 1900 1810 1942 ne,

400 1963 578 2028 pariter
607 1962 725 2010 illud
761 1973 1084 2022 assecuturus,
1121 1951 1359 2010 minorem
1390 1963 1481 2010 sibi
1511 1963 1636 2010 illius
1668 1962 1815 2010 amati

401 2039 519 2086 boni
541 2038 784 2086 efficerent
806 2041 1097 2104 portionem,
1122 2057 1235 2087 cum
1255 2051 1352 2087 tam
1374 2040 1638 2106 perfectum
1661 2039 1815 2087 excel-

402 2117 598 2181 lensque
616 2116 822 2176 exsistat,
844 2126 911 2176 ut,
933 2126 1115 2181 quanto
1134 2117 1293 2182 plures
1309 2117 1391 2164 illo
1410 2117 1811 2183 participaverint,

402 2202 535 2240 tanto
569 2192 868 2256 singulorum
898 2193 948 2240 in
974 2193 1057 2240 illo
1085 2194 1289 2258 majores
1312 2204 1581 2242 accrescant
1609 2194 1815 2243 delecta-

401 2270 573 2317 tiones.
597 2268 841 2316 Infinitum
866 2271 994 2318 enim
1011 2281 1097 2318 est.
1113 2271 1269 2331 Unde,
1292 2264 1557 2319 fruentibus
1575 2288 1635 2319 eo
1654 2271 1815 2319 multis

402 2356 485 2395 aut
509 2346 761 2404 universis,
790 2346 1087 2409 singulorum
1111 2364 1209 2394 non
1233 2348 1611 2394 diminuerentur
1632 2348 1812 2413 portio-

403 2439 505 2480 nes,
523 2421 605 2469 sed
631 2422 792 2470 omnia
814 2423 863 2470 in
884 2422 1108 2471 omnibus
1126 2424 1364 2472 exsisteret
1379 2425 1617 2488 integrum
1635 2434 1683 2472 et
1707 2441 1812 2490 per-

404 2500 598 2548 fectum.

471 2577 591 2624 lllud
615 2578 756 2641 igitur
773 2577 976 2637 bonum,
1002 2579 1085 2642 qui
1107 2579 1271 2626 invicti
1289 2595 1389 2625 esse
1413 2579 1629 2644 cupiunt,
1655 2579 1815 2643 potius

404 2664 639 2720 quaerant,
681 2655 924 2719 animique
960 2656 1151 2703 virtutes
1180 2666 1321 2720 atque
1350 2656 1478 2702 dona
1510 2656 1699 2722 spiritus
1731 2671 1815 2702 seu

405 2731 704 2790 charismata,
731 2731 905 2796 quibus
927 2732 988 2779 ad
1011 2733 1129 2780 illud
1150 2733 1442 2798 pervenitur,
1467 2733 1748 2780 aemulentur
1767 2739 1815 2777 et

405 2818 582 2856 ament.
609 2811 725 2866 Quae
746 2825 856 2855 cum
881 2810 1080 2855 assecuti
1109 2810 1306 2868 fuerint,
1331 2810 1398 2856 eis
1422 2809 1579 2856 nullus
1604 2808 1810 2866 auferre,
