2054 3470
426 285 478 323 34
783 285 1127 325 HISTORIARUM
1152 287 1388 326 LUDOVICI
1416 289 1474 326 XI

421 373 703 448 abolitionis
712 372 991 438 hujusmodi
1010 375 1329 440 vectigalium,
1353 378 1587 440 consequi
1607 377 1842 443 putabant

421 451 736 499 abolitionem
774 461 823 499 et
859 453 1246 518 suppressionem
1285 452 1558 502 officiorum
1602 471 1735 520 quae,
1775 455 1843 504 ob

416 527 694 594 hujusmodi
726 530 906 578 tributa
939 539 986 578 et
1017 530 1262 595 vectigalia
1295 530 1592 596 colligenda,
1628 533 1842 585 instituta

418 607 574 656 forent
582 626 596 669 ;
627 607 691 657 ad
713 624 763 655 se
783 623 978 672 quoque
1002 608 1243 656 transferri
1270 607 1585 671 tributorum,
1615 626 1722 675 quae
1750 611 1842 659 im·

417 685 646 751 ponenda
675 694 852 747 essent,
888 684 1245 748 collectionem,
1278 703 1532 735 causarum
1567 703 1762 753 quoque
1794 696 1844 738 et

415 763 589 825 litium,
608 781 714 828 quae
729 763 842 812 inde
862 764 1118 825 orirentur,
1138 764 1478 812 deductionem
1502 765 1566 814 ad
1595 765 1842 815 ordinaria

415 841 692 905 tribunalia,
729 841 780 888 in
815 840 989 906 quibus
1019 842 1173 889 solent
1204 843 1446 907 postulare
1461 878 1474 904 ,
1506 842 1698 891 devolvi
1732 860 1840 908 spe-

415 929 592 968 rantes.

481 997 618 1045 Unde
648 1014 705 1045 ex
728 996 854 1045 dicta
874 997 1122 1045 Parisiensi
1143 996 1279 1060 urbe,
1304 999 1355 1046 in
1383 1015 1480 1063 qua
1502 998 1685 1048 dictum
1717 1000 1842 1064 regis

417 1092 703 1141 responsum
735 1085 1041 1141 acceperant,
1075 1076 1124 1122 in
1152 1092 1285 1124 suam
1315 1078 1492 1125 reversi
1514 1078 1837 1143 provinciam,

415 1154 467 1201 in
487 1154 697 1219 quadam
719 1154 1086 1218 congregatione
1107 1154 1269 1202 Trium
1290 1156 1509 1203 Statuum
1528 1156 1709 1221 patriae,
1735 1171 1841 1219 quae

416 1247 560 1296 super
582 1229 719 1296 [hoc]
743 1229 1029 1294 Rothomagi
1051 1229 1285 1278 celebrata
1308 1231 1419 1293 fuit,
1445 1231 1521 1278 his
1546 1232 1632 1296 qui
1654 1231 1715 1279 de
1740 1241 1841 1281 tota

417 1310 665 1375 provincia
692 1308 776 1356 illo
806 1319 1157 1371 convenerant,
1187 1325 1350 1373 regem
1376 1310 1564 1373 magnis
1591 1309 1842 1375 praeconiis

418 1388 635 1436 attollere
647 1396 694 1435 et
702 1386 959 1453 praedicare
969 1396 1236 1452 coeperunt:
1250 1385 1384 1451 quod
1392 1387 1556 1435 omnia
1563 1385 1843 1450 hujusmodi

420 1466 721 1530 vectigalium
740 1482 931 1530 genera,
953 1475 1001 1512 et
1014 1481 1102 1530 per
1118 1464 1215 1511 hoc
1233 1463 1408 1525 officia,
1432 1480 1539 1528 quae
1559 1462 1842 1512 eorumdem

420 1545 673 1592 occasione
695 1545 852 1610 posita
870 1552 1027 1591 essent
1045 1542 1119 1606 (ut
1141 1541 1421 1602 electorum,
1444 1541 1841 1604 granetariorum,

419 1624 743 1688 receptorum¹
771 1632 1147 1685 caeterorumque
1172 1619 1374 1684 hujusce
1398 1618 1655 1684 impietatis
1678 1618 1844 1665 minis-

417 1700 640 1764 trorum),
666 1699 835 1748 tollere
861 1708 1003 1764 atque
1025 1697 1220 1746 abolere
1242 1696 1363 1744 velle
1386 1695 1600 1756 dixisset,
1626 1704 1769 1759 atque
1792 1695 1843 1741 in

418 1792 589 1823 eorum
614 1776 811 1824 arbitrio
841 1786 888 1824 et
915 1775 1165 1822 voluntate
1194 1789 1430 1838 reponere
1455 1788 1554 1836 quo
1578 1771 1730 1818 modo
1758 1786 1844 1835 pe-

417 1854 608 1902 cuniam
633 1870 730 1919 qua
751 1870 875 1919 opus
894 1852 1118 1912 haberet,
1145 1861 1192 1899 et
1215 1866 1312 1915 qua
1334 1850 1510 1909 forma,
1536 1864 1591 1895 ac
1612 1863 1700 1913 per
1719 1863 1844 1911 quos

420 1930 648 1979 officiales
680 1949 764 1980 seu
785 1931 1028 1978 ministros
1061 1928 1220 1992 colligi
1241 1937 1288 1975 et
1307 1926 1456 1974 levari
1476 1925 1671 1972 vellent.
1700 1926 1843 1971 Cum-

420 2025 515 2072 que
542 2007 912 2075 simplicioribus
937 2006 1057 2053 inibi
1079 2004 1312 2064 collectis,
1337 2003 1463 2050 mala
1484 2001 1691 2067 plurima
1713 2010 1842 2047 retu—

416 2085 580 2134 lissent
600 2103 705 2150 quae
729 2102 813 2152 per
840 2085 995 2132 dictos
1022 2083 1220 2144 electos,
1254 2079 1548 2146 granetarios
1575 2093 1842 2141 eorumque

417 2164 661 2211 ministros
683 2162 785 2210 fieri
806 2162 946 2210 solita
967 2170 1146 2220 essent,
1171 2169 1220 2206 et
1240 2157 1479 2223 praecipue
1500 2153 1696 2202 eosdem
1722 2154 1843 2201 insi-

419 2241 654 2288 mulantes
685 2239 889 2304 graviter
918 2238 1077 2303 quod,
1111 2252 1255 2301 supra
1286 2250 1527 2281 summam
1558 2248 1645 2297 per
1681 2247 1843 2295 regem

418 2318 691 2382 impositam
720 2316 999 2380 jussamque
1029 2313 1175 2361 levari
1205 2327 1348 2378 super
1375 2309 1604 2376 patriam,
1643 2308 1692 2354 in
1725 2317 1842 2355 tan-

418 2395 635 2443 tumdem
661 2395 738 2442 vel
765 2393 971 2459 amplius
998 2392 1089 2458 ipsi
1120 2391 1324 2456 patriam
1355 2387 1614 2453 quotannis
1647 2400 1843 2449 gravare

369 2526 372 2533 1
417 2481 751 2533 consuessent,
777 2482 825 2519 et
842 2488 929 2536 per
948 2470 1069 2530 hoc,
1095 2486 1152 2516 ex
1171 2467 1363 2534 publica
1384 2465 1553 2532 populi
1573 2463 1841 2511 calamitate

418 2553 675 2618 patriaeque
704 2548 1071 2615 exspoliatione,
1103 2547 1232 2611 ipsos
1263 2544 1554 2591 tributorum
1587 2540 1837 2598 officiales,

418 2630 468 2676 in
490 2629 654 2696 paucis
677 2628 816 2676 annis
838 2624 1014 2691 opibus
1036 2632 1319 2681 crescentes,
1345 2621 1515 2668 divites
1536 2629 1682 2684 atque
1705 2616 1840 2664 locu-

469 2813 508 2849 ¹.
543 2828 561 2846 ι
584 2813 657 2848 Les
677 2809 877 2849 offices....
900 2805 1039 2854 delus,
1056 2802 1106 2842 de
1128 2802 1358 2856 grenetiers‚
1377 2801 1426 2840 de
1445 2812 1664 2843 receveurs.
1682 2815 1700 2834 ι
