2054 3470
753 357 898 393 LIBER
925 356 1194 395 SECUNDUS.
1606 359 1683 396 205

276 445 393 511 cipis
415 444 543 508 gravi
561 441 802 490 sanctione
830 443 1058 506 exceptis3
1085 443 1168 506 qui
1206 459 1399 506 prorsus
1420 444 1684 509 quidquam

277 522 338 570 de
357 521 468 587 ipsis
490 519 607 581 tolli,
631 519 836 567 ullamve
857 520 1079 582 injuriam
1102 530 1183 567 aut
1206 520 1482 568 violentiam
1507 522 1685 569 eisdem

276 598 460 658 inferri,
486 597 550 644 ob
574 597 661 643 Dei
689 597 1004 644 reverentiam
1025 607 1073 644 et
1097 607 1369 644 sanctorum
1383 634 1396 657 ‚
1428 599 1686 646 arctissime

277 675 493 724 inhibuit.
513 673 606 721 Sed
626 690 685 721 eo
704 690 804 721 non
824 673 1060 735 obstante,
1079 675 1130 720 in
1149 684 1246 722 tam
1263 691 1519 723 numerosa
1537 691 1688 723 arma-

278 761 435 798 torum
456 750 784 813 multitudine,
814 768 918 815 quae
940 768 988 799 se
1011 751 1231 816 protinus
1253 768 1338 817 per
1361 768 1529 800 omnes
1556 753 1688 801 urbis

277 823 452 894 plateas
475 838 616 892 atque
646 827 844 876 aedificia
871 838 968 876 tam
991 845 1124 876 sacra
1158 845 1303 893 quam
1333 829 1532 894 profana
1570 831 1688 878 effu-

277 904 372 963 dit,
397 905 582 952 cunctis
610 905 673 952 ad
702 904 885 970 praedas
913 915 960 952 et
988 906 1141 971 spolia
1162 905 1477 966 inhiantibus,
1506 908 1689 972 princi-

276 982 463 1048 palibus
496 982 660 1030 edictis
689 983 868 1047 integre
898 983 1020 1031 adeo
1048 983 1203 1049 pareri
1226 1000 1326 1030 non
1356 985 1537 1048 potuit,
1573 986 1689 1049 quin

276 1061 426 1109 multa
455 1062 662 1127 pretiosa
689 1060 900 1125 supellex
921 1062 1024 1108 auri
1059 1071 1105 1109 et
1129 1062 1333 1126 argenti,
1360 1061 1533 1126 quibus
1557 1078 1692 1110 sanc-

275 1148 438 1186 torum
456 1154 590 1186 sacra
614 1139 813 1203 pignora
830 1147 877 1185 et
895 1140 1135 1186 memoriae
1157 1139 1438 1203 tegebantur
1457 1149 1600 1205 atque
1622 1142 1693 1188 in-

277 1216 615 1277 volvebantur,
643 1216 754 1263 libri
780 1218 921 1278 etiam
946 1227 992 1264 et
1020 1218 1188 1264 calices
1215 1218 1408 1283 plurimi
1432 1227 1693 1284 caeteraque

279 1292 424 1354 bona,
446 1293 496 1340 in
518 1293 756 1359 plerisque
780 1295 922 1342 sacris
939 1294 1136 1355 aedibus,
1162 1305 1442 1360 raperentur
1463 1306 1508 1343 et
1527 1313 1695 1362 expor-

281 1380 509 1422 tarentur.
539 1373 576 1417 E
600 1370 773 1435 quibus
797 1387 826 1418 a
856 1371 1122 1428 nonnullis,
1154 1371 1229 1419 vel
1259 1373 1342 1436 qui
1369 1371 1499 1420 bona
1526 1373 1695 1438 hujus-

280 1448 412 1495 modi
440 1458 717 1514 rapuerant,
753 1448 828 1496 vel
860 1466 886 1496 a
919 1448 1214 1514 rapientibus
1246 1466 1301 1496 ea
1333 1461 1548 1498 emerant
1579 1452 1694 1516 (sub

282 1525 505 1590 gravibus
543 1527 811 1591 apostolicae
847 1527 970 1574 sedis
1003 1528 1214 1574 censuris
1255 1529 1581 1588 commonitiS,
1622 1529 1694 1577 vel

282 1603 513 1668 principis
542 1603 778 1650 mandatis
806 1603 1091 1668 compulsis)
1120 1604 1339 1668 quaedam
1366 1614 1530 1670 postea
1560 1607 1695 1653 resti-

284 1689 384 1728 tuta
434 1679 654 1742 fuerunt;
698 1681 926 1746 pauciora
949 1698 957 1718 ·
978 1691 1136 1728 tamen
1181 1681 1322 1746 longe
1370 1698 1514 1745 quam
1559 1694 1696 1749 capta

283 1757 494 1805 fuissent.

346 1837 469 1882 Cum
484 1844 642 1882 autem
661 1851 746 1899 per
761 1834 860 1882 dies
879 1835 1062 1900 aliquot
1075 1853 1156 1883 rex
1172 1853 1283 1884 cum
1300 1836 1696 1900 Burgundionum

282 1909 420 1972 duce,
445 1928 623 1976 paucos
645 1922 827 1973 tamen,
854 1913 947 1959 illic
965 1915 1203 1973 stetisset¹‚
1238 1914 1395 1961 eidem
1418 1912 1698 1961 valefaciens

282 1999 392 2034 cum
414 1989 527 2047 suis,
554 1989 636 2053 qui
654 1990 796 2037 etiam
812 1989 873 2036 de
890 1990 1052 2055 spoliis
1068 1990 1199 2038 urbis
1217 1991 1450 2039 nonnulla
1469 1991 1694 2053 tulerunt,

283 2066 331 2112 in
358 2066 603 2114 Franciam
629 2084 741 2114 cum
765 2067 849 2114 tali
875 2067 1119 2133 triumpho
1145 2069 1371 2115 remeavit
1396 2086 1405 2114 :
1434 2069 1606 2116 multas
1629 2080 1698 2116 ta-

286 2158 394 2189 men
423 2142 542 2203 illic,
575 2153 684 2191 ante
713 2146 1115 2209 expugnationem
1147 2144 1300 2205 urbis,
1333 2146 1646 2193 contumelias
1672 2162 1699 2193 a

286 2219 468 2268 civibus
501 2237 683 2286 passus.
722 2223 815 2280 Qui
849 2239 961 2270 cum
994 2223 1076 2270 illo
1112 2240 1222 2270 eum
1258 2224 1440 2271 venisse
1475 2224 1537 2271 ad
1571 2224 1699 2289 ipsos

286 2295 670 2347 exterminandos
712 2301 937 2347 certiores
981 2301 1089 2347 facti
1129 2301 1323 2348 fuissent
1368 2302 1525 2366 (quod
1567 2302 1699 2348 nullo

288 2386 443 2440 pacto,
462 2378 614 2438 initio,
634 2395 745 2424 cum
763 2377 810 2424 id
825 2379 891 2424 eis
907 2388 1210 2439 assereretur,
1230 2379 1423 2426 credere
1440 2379 1697 2444 poterant),

289 2452 338 2498 in
375 2470 483 2502 eum
521 2456 663 2503 miras
698 2454 1087 2519 exprobrationes
1119 2455 1351 2520 perfidiae,
1388 2457 1697 2521 proditionis,

291 2530 483 2593 perjurii
523 2542 665 2596 atque
702 2532 907 2579 infamiae
953 2549 979 2580 e
1022 2532 1260 2579 moenibus
1294 2533 1621 2581 acclamabant
1656 2542 1702 2579 et

287 2604 570 2666 jaculabant.
612 2609 868 2656 Ferebatur
903 2618 1063 2656 autem
1101 2625 1130 2656 a
1171 2609 1331 2656 multis
1372 2610 1504 2674 quod
1544 2610 1702 2674 plures

293 2681 439 2745 ipsius
459 2682 657 2745 litteras,
684 2702 828 2733 manu
848 2702 933 2733 sua
954 2686 1159 2749 signatas
1182 2697 1230 2734 et
1250 2687 1347 2734 suis
1368 2687 1530 2750 sigillis
1554 2684 1701 2732 robo-

348 2852 386 2887 1.
416 2853 601 2902 Jusqu'an
619 2854 642 2888 2
660 2828 885 2893 novembre.
927 2905 929 2907 Ι
