2054 3470
400 351 477 388 308
760 349 1103 388 HISTORIARUM
1130 350 1367 388 LUDOVICI
1394 352 1452 388 XI

401 438 505 504 pari
527 437 640 485 odio
657 437 951 497 ferebantur,
977 438 1067 485 alia
1086 473 1098 497 ‚
1124 448 1231 503 post
1260 438 1388 485 illam
1410 439 1638 503 primam,
1662 440 1805 505 longe

400 519 553 582 major
583 528 630 565 et
665 517 892 564 munitior
913 517 1178 580 conjuratio
1205 516 1440 564 nobilium
1464 527 1607 582 atque
1627 518 1804 565 civium

400 595 720 660 plurimorum
743 604 923 659 patrata
940 604 1027 640 est.

463 673 557 731 Qui
589 681 841 737 postquam
870 681 1079 718 mentem
1110 688 1247 719 suam
1286 672 1386 736 regi
1413 689 1499 719 suo
1534 676 1806 737 Aragonum

397 750 714 797 insinuassent
733 786 745 810 ,
775 759 821 796 et
850 749 1216 813 promissionem
1238 765 1373 796 suam
1389 785 1403 808 ‚
1429 750 1564 813 quod
1605 750 1666 797 ad
1689 767 1806 798 con-

399 826 579 874 dictum
603 826 729 874 diem
766 842 969 890 praesens
1003 827 1102 890 ipse
1131 842 1243 873 cum
1271 826 1402 873 bona
1430 843 1575 874 manu
1608 827 1802 887 afforet,

396 905 706 969 recepissent,
730 920 838 950 eum
854 939 866 963 ,
891 913 1030 950 nocte
1053 903 1147 950 diei
1168 903 1269 950 festi
1293 902 1636 969 purificationis
1657 905 1804 953 beatae

395 983 568 1041 Mariae,
587 981 700 1028 anni
718 997 1074 1028 M.cccc.Lxx111.
1098 997 1230 1027 more
1246 997 1454 1028 romanae
1469 982 1645 1042 curiae¹‚
1670 993 1803 1047 pate-

395 1059 526 1107 factis
560 1059 726 1124 oppidi
755 1059 847 1123 ipsi
877 1058 1050 1105 scilicet
1086 1057 1314 1123 oppidani
1342 1059 1492 1122 portis
1509 1096 1524 1116 ,
1553 1061 1720 1107 armati
1753 1060 1801 1106 in

393 1153 566 1200 magna
596 1145 643 1182 et
662 1152 916 1182 numerosa
938 1134 1267 1194 multitudine,
1304 1135 1679 1182 intromiserunt.
1715 1137 1803 1183 Vi-

392 1215 559 1262 dentes
581 1223 741 1260 autem
761 1213 943 1274 Franci,
963 1212 1047 1275 qui
1068 1211 1161 1258 illic
1178 1212 1226 1258 in
1248 1212 1466 1276 praesidio
1488 1213 1631 1260 locati
1647 1223 1797 1275 erant,

392 1309 494 1338 rem
517 1292 582 1338 ita
606 1290 807 1348 confici,
831 1306 920 1336 nec
943 1306 991 1336 se
1014 1288 1263 1336 sufficienti
1285 1305 1488 1336 numero
1516 1306 1616 1336 esse
1634 1327 1647 1351 ‚
1670 1290 1802 1354 quod

390 1379 531 1416 tantae
555 1368 732 1415 civium
755 1377 802 1414 et
818 1367 1020 1413 aliorum
1043 1374 1234 1412 armatae
1266 1365 1559 1413 multitudini
1582 1366 1802 1414 reluctari

389 1456 587 1510 possent
605 1483 617 1506 ‚
646 1461 746 1491 sese
768 1444 817 1490 in
841 1459 999 1490 arcem
1016 1480 1028 1504 ‚
1050 1459 1195 1507 quam
1216 1443 1311 1489 illic
1333 1442 1648 1491 firmissimam
1670 1459 1803 1490 com-

391 1523 660 1570 munierant
695 1530 836 1585 atque
871 1521 1215 1580 instruxerant,
1251 1531 1549 1585 receperunt.
1586 1523 1803 1578 Quorum

389 1610 549 1647 autem
570 1600 702 1646 bona
732 1599 779 1645 in
804 1597 985 1664 oppido
1009 1598 1171 1645 relicta
1193 1599 1383 1645 inventa
1406 1608 1534 1660 sunt,
1559 1615 1801 1663 occupan-

389 1676 517 1724 tibus
538 1677 587 1723 in
607 1675 816 1741 praedam
841 1684 1101 1723 cesserunt.

453 1757 509 1800 Et
532 1754 597 1800 ita
621 1762 936 1817 spontaneam
964 1751 1259 1799 deditionem
1283 1752 1618 1816 hujuscemodi
1640 1753 1801 1802 nobile

388 1830 620 1896 oppidum
638 1866 651 1890 ,
698 1845 947 1877 exsecrans
984 1829 1072 1877 sub
1121 1833 1412 1877 Francorum
1455 1831 1658 1895 imperio
1689 1848 1801 1879 con·

386 1909 551 1955 sistere
570 1944 584 1968 ‚
612 1907 768 1955 taliter
792 1907 916 1955 fecit.

382 2070 396 2104 1
403 2082 424 2102 ’ἡ

382 2154 416 2181 'ei

876 2100 1219 2146 CAPITULUM
1252 2100 1309 2145 V.

382 2228 497 2261 11¹‘De
511 2225 697 2261 obsidione
714 2225 916 2273 Per-piniani
930 2238 994 2272 per
1009 2225 1163 2259 Francos
1181 2233 1214 2259 et
1234 2225 1343 2271 ipsius
1360 2225 1554 2271 solutione,
1571 2226 1736 2273 pacisque

383 2310 458 2335 ⁴³1¹·
592 2279 878 2314 reconciliatione
893 2277 985 2312 inter
1002 2290 1098 2324 reges
1110 2277 1326 2312 Francorum
1345 2286 1378 2312 et
1392 2278 1590 2325 Aragoniae.

453 2401 522 2449 Ad
556 2400 724 2466 [quod]
738 2399 1119 2465 recuperandum
1139 2403 1432 2447 Francorum
1452 2417 1534 2447 rex
1551 2436 1563 2460 ‚
1592 2399 1796 2465 proinde

380 2480 516 2544 gnavi
548 2480 618 2526 ira
651 2488 792 2543 atque
831 2478 978 2525 animi
1008 2476 1335 2540 indignatione
1366 2477 1415 2524 in
1447 2476 1718 2542 oppidanos
1751 2486 1798 2524 et

377 2616 417 2637 -υ
439 2599 499 2636 h
507 2594 669 2635 Suivant
693 2593 729 2631 le
753 2600 910 2643 comput
934 2590 1098 2637 romain,
1119 2603 1190 2642 par
1208 2589 1426 2641 opposition
1447 2603 1498 2628 au
1517 2598 1674 2642 comput
1691 2590 1796 2629 fran-

383 2657 460 2696 cais
488 2656 640 2694 suivant
665 2653 814 2704 lequel,
835 2652 986 2690 l'annee
1009 2658 1276 2688 commencant
1299 2652 1321 2688 a
1345 2652 1514 2701 PAques,
1546 2649 1584 2688 la
1613 2650 1796 2688 Purifica-

382 2718 465 2755 tion
486 2715 580 2754 dont
595 2727 647 2751 on
666 2721 758 2751 veut
776 2711 905 2763 parler
923 2710 1013 2748 etait
1025 2710 1120 2748 celle
1140 2709 1187 2747 de
1205 2711 1323 2748 1472.

433 2778 474 2813 -2,
505 2774 536 2812 ΙΙ
561 2775 598 2811 n’
603 2787 628 2824 y
648 2780 713 2811 eut
734 2771 772 2809 d’
774 2778 934 2809 ouverte
962 2782 1037 2820 que
1061 2768 1098 2806 la
1129 2776 1239 2820 porte
1262 2767 1311 2807 de
1331 2770 1450 2807 Canet
1463 2798 1474 2819 ,
1498 2767 1651 2819 d’apres
1673 2767 1709 2805 le
1731 2780 1794 2806 re-

382 2835 497 2887 gistre
518 2833 566 2871 de
586 2832 611 2870 l’
615 2832 730 2883 eglise
750 2830 1054 2878 Saint-Jacques‚
1076 2827 1221 2865 traduit
1239 2840 1309 2878 par
1332 2830 1382 2865 M.
1405 2830 1555 2877 Henry,
1573 2826 1600 2863 l.
1624 2840 1659 2865 c.
