2054 3470
475 325 551 363 198
840 305 1184 369 alsi-omnm
1210 332 1447 371 Lunovlcl
1482 335 1541 372 xl

471 414 766 479 semetipsos.
793 418 851 463 Et
873 434 983 464 cum
1006 434 1106 465 non
1124 420 1241 468 satis
1262 421 1565 470 metallorum
1589 425 1780 489 copiam
1798 426 1887 475 sibi

471 490 622 538 affore
647 504 926 557 praesentem
957 495 1020 542 ad
1043 495 1336 546 bombardas
1366 500 1615 565 variasque
1643 502 1887 551 machinas

473 567 773 618 fabricandas
789 588 874 619 seu
892 571 1161 621 fundendas
1179 575 1490 640 inspicerent,
1510 578 1653 625 etiam
1667 578 1888 626 locorum

472 662 719 694 sacrorum
748 658 796 695 et
826 648 1086 697 domorum
1118 652 1204 699 Dei
1237 653 1439 717 (quibus
1471 655 1799 719 copiosissime
1832 673 1890 705 ac

472 723 937 788 magnificentissime
956 726 1071 774 urbs
1090 728 1191 793 ipsa
1215 729 1436 794 insignita
1458 740 1504 779 et
1526 731 1749 780 decorata
1768 734 1888 796 erat)

472 802 716 867 campanis
748 813 795 849 et
824 803 1155 852 tintinnabulis
1194 807 1390 854 minime
1427 819 1766 873 pepercerunt,
1805 810 1890 858 sed

472 877 632 943 plures
661 895 718 925 ex
747 880 814 926 eis
841 897 869 927 a
895 881 1039 928 sacris
1067 881 1257 944 usibus,
1291 884 1465 948 quibus
1487 885 1654 933 dicatae
1676 886 1886 948 fuerant,

470 954 533 1002 ad
554 954 888 1019 hujuscemodi
910 958 1137 1022 profanos
1159 969 1206 1007 et
1227 961 1479 1025 sacrilegos
1500 979 1614 1010 usus
1634 964 1891 1013 transferre

471 1043 891 1099 praesumpserunt.

537 1112 657 1157 Cum
688 1120 850 1158 autem
882 1122 1003 1160 esset
1032 1114 1285 1179 episcopus
1316 1131 1430 1162 suus
1463 1115 1512 1162 in
1546 1116 1730 1182 oppido
1763 1121 1891 1166 Tun·

472 1189 656 1251 grensi¹
693 1205 805 1236 cum
850 1199 976 1240 certa
1023 1191 1242 1239 custodia
1278 1191 1511 1252 militum,
1559 1203 1658 1242 tam
1692 1211 1891 1243 suorum

473 1280 621 1329 quam
651 1264 785 1318 ducis
815 1267 1236 1331 Burgundionum,
1270 1269 1382 1334 ipsis
1403 1270 1601 1318 minime
1621 1272 1824 1336 provide
1845 1283 1894 1320 et

473 1351 611 1389 caute
633 1342 724 1390 sibi
747 1345 1162 1410 prospicientibuS,
1189 1356 1235 1393 et
1257 1346 1318 1394 ad
1341 1363 1476 1394 suam
1497 1348 1756 1412 patriaeque
1773 1358 1894 1397 tute-

472 1418 570 1465 lam
609 1436 711 1466 non
748 1422 860 1468 satis
901 1422 1102 1469 sollicite
1118 1458 1131 1482 ,
1176 1423 1261 1470 sed
1304 1424 1462 1489 potius
1499 1423 1561 1471 ad
1599 1424 1894 1490 voluptatem

473 1504 619 1559 atque
643 1495 881 1558 lascivias,
916 1508 1176 1546 nocturnas
1201 1499 1384 1564 vigilias
1416 1510 1464 1547 et
1495 1500 1719 1548 excubias
1751 1517 1894 1565 agen-

476 1572 631 1635 tibus,
671 1585 821 1622 noctu
854 1576 1145 1624 irruentibus
1177 1577 1226 1624 in
1261 1594 1344 1625 eos
1375 1578 1489 1643 ipsis
1523 1578 1890 1642 Leodiensffius,

475 1651 812 1716 comprehensi
830 1663 959 1701 sunt.
983 1656 1042 1702 Et
1058 1654 1108 1701 in
1127 1654 1341 1702 hostium
1357 1655 1554 1720 quidem
1569 1672 1739 1704 manus
1757 1655 1896 1704 deve-

476 1740 651 1777 nerunt
674 1731 775 1796 ipse
802 1732 1055 1798 episcopus
1081 1742 1129 1780 et
1158 1733 1355 1797 quidam
1380 1734 1655 1798 capitaneus
1678 1737 1894 1798 Burgun-

477 1805 726 1869 dionum',
755 1808 1002 1856 nonnullis
1030 1826 1087 1856 ex
1114 1809 1342 1857 militibus
1369 1810 1519 1870 caesis,
1550 1809 1728 1856 caeteris
1752 1825 1890 1870 vero,

476 1882 652 1946 quibus
690 1884 888 1932 facultas
933 1884 1050 1946 fuit,
1100 1901 1186 1950 per
1230 1884 1390 1948 sugam
1434 1884 1697 1932 tenebrosae
1740 1886 1894 1933 noctis

474 1959 661 2025 elapsis.

542 2039 638 2096 Qui
670 2056 781 2087 cum
811 2040 938 2105 capti
968 2038 1200 2086 Leodium
1233 2039 1427 2087 adducti
1461 2039 1680 2102 fuissent,
1717 2041 1894 2088 mirum

476 2115 615 2164 valde
637 2126 708 2163 est
726 2117 975 2181 quomodo
996 2117 1121 2164 inter
1142 2118 1306 2177 turbas
1327 2128 1427 2165 tam
1445 2118 1735 2166 furiosorum
1758 2129 1807 2167 et
1823 2129 1895 2168 tu-

478 2192 832 2242 multuosorum
854 2194 1179 2260 plebeiorum,
1207 2196 1375 2242 mortis
1395 2195 1661 2260 periculum
1689 2196 1895 2261 effugere

476 2279 768 2334 potuerunt3
800 2272 1061 2336 praesertim
1085 2288 1197 2318 cum
1231 2272 1448 2319 omnium
1485 2272 1632 2320 ferme
1657 2273 1895 2320 malorum

477 2364 676 2395 suorum
704 2365 869 2397 causas
898 2350 948 2396 in
978 2349 1202 2397 eumdem
1231 2367 1372 2397 suum
1404 2350 1686 2415 episcopum
1713 2359 1761 2397 et
1781 2367 1893 2398 suo-

477 2441 586 2473 rum
610 2426 886 2475 officialium
902 2427 1092 2492 rapinas
1111 2437 1158 2475 et
1173 2427 1313 2475 dolos
1330 2427 1616 2492 detorquere
1633 2427 1841 2476 solerent
1853 2430 1890 2488 ³,

531 2586 569 2622 1.
604 2584 854 2636 Tungherensi
875 2585 970 2625 dans
988 2586 1026 2626 le
1044 2599 1118 2628 ms.
1143 2588 1245 2626 C'est
1267 2589 1458 2639 Tongres,
1483 2585 1671 2624 ancienne
1692 2584 1786 2624 ville
1807 2585 1894 2638 epi-

477 2643 630 2697 scopale
643 2644 697 2683 du
712 2644 880 2693 diocese,
898 2647 965 2697 qui
982 2647 1073 2686 etait
1088 2647 1279 2696 devenue,
1301 2660 1350 2686 au
1368 2658 1509 2697 moyen
1525 2647 1612 2699 age,
1632 2645 1672 2684 la
1690 2645 1893 2684 forteresse

478 2704 547 2744 des
568 2705 735 2756 eveques
756 2705 804 2743 de
826 2705 958 2758 Liege.

535 2767 573 2805 2.
604 2765 739 2805 C’etait
755 2767 793 2805 le
810 2766 991 2819 seigneur
1010 2767 1348 2815 d'Humbercourt‚
1368 2766 1445 2805 Gui
1461 2766 1509 2805 de
1528 2764 1698 2804 Brimeu.

532 2829 570 2865 3.
602 2829 729 2866 Solent
746 2827 841 2866 dans
860 2828 896 2866 le
917 2842 987 2867 ms.
