2054 3470
395 351 471 388 360
759 350 1101 388 HISTORIARUM
1127 350 1364 388 LUDOVICI
1390 350 1446 387 XI

836 549 1177 594 CAPITULUM
1221 549 1365 594 XVII.

426 684 535 730 Quod
550 685 707 731 utrisque
719 685 861 732 regibus
876 694 910 720 et
925 685 1041 732 regnis
1055 686 1109 720 hae
1124 694 1253 733 treugae
1267 686 1409 721 fuerunt
1425 685 1541 729 utiles,
1560 685 1622 720 sed
1639 686 1777 733 utrique

855 739 1011 786 partium
1030 752 1157 786 parum
1177 740 1345 774 honestae.

457 860 601 919 Quod
618 861 657 908 si
684 860 843 908 forsan
862 860 923 908 de
944 860 1221 924 hujusmodi
1244 860 1421 908 foedere
1438 877 1522 909 seu
1546 871 1710 926 treuga
1724 879 1809 909 no-

390 948 537 985 stram
568 938 930 985 aestimationem
961 955 1046 985 seu
1068 939 1345 1002 opinionem
1367 939 1534 986 audire
1555 940 1809 1004 quisquam

389 1024 652 1080 exspectet,
681 1015 899 1080 profecto
921 1015 1071 1074 utilis,
1098 1025 1151 1062 ut
1173 1015 1341 1079 vulgus
1363 1015 1497 1080 loqui
1517 1016 1660 1076 solet,
1687 1017 1808 1064 utri-

387 1109 482 1156 que
501 1092 706 1157 partium
728 1092 869 1139 fuisse
885 1092 1092 1153 videtur,
1115 1109 1227 1138 cum
1244 1091 1423 1156 absque
1441 1092 1666 1156 ambiguo
1683 1110 1807 1141 sem-

386 1185 567 1233 perque
579 1169 772 1234 ancipiti
787 1179 834 1216 et
850 1168 1119 1233 pericuioso
1136 1169 1413 1230 certamine,
1431 1169 1572 1216 armis
1583 1170 1808 1235 utrinque

388 1245 660 1293 abstentum
691 1247 766 1306 sit,
802 1257 850 1293 et
883 1246 1063 1310 absque
1094 1247 1161 1293 eis
1192 1246 1476 1307 discessum3
1514 1262 1681 1294 verum
1714 1248 1807 1294 utri

386 1324 546 1388 potius
568 1323 771 1388 ingloria
795 1324 1045 1385 exstiterit,
1072 1340 1173 1371 non
1199 1323 1334 1371 facile
1356 1323 1631 1371 dixerimus.

455 1404 644 1449 Poterat
667 1402 881 1466 quidem,
910 1412 962 1448 ut
984 1401 1199 1466 pluribus
1219 1401 1366 1449 videri
1389 1412 1566 1466 posset,
1592 1405 1808 1450 Franco-

385 1495 494 1524 rum
515 1496 612 1535 rex,
635 1480 892 1527 contractis
911 1480 1051 1526 tantis
1070 1480 1285 1544 equitum
1305 1479 1615 1544 peditumque
1636 1481 1804 1546 copiiS,

389 1555 564 1618 Anglos
593 1556 795 1620 pavidos
825 1566 872 1602 et
909 1556 1031 1603 fame
1057 1556 1325 1615 consectOS,
1353 1555 1523 1603 diebus
1547 1557 1712 1622 paucis
1745 1556 1808 1604 ad
1876 1614 1879 1618 ,

387 1632 522 1679 famis
545 1642 807 1680 extremam
829 1633 1087 1698 perductos
1110 1634 1400 1698 angustiam,
1427 1633 1607 1699 absque
1630 1650 1806 1698 magno

387 1710 580 1773 negotio
615 1710 690 1757 vel
715 1711 979 1775 subegisse,
1004 1712 1079 1758 vel
1104 1712 1418 1777 oppressisse,
1445 1728 1557 1759 cum
1589 1711 1807 1759 omnium

386 1803 546 1833 rerum
586 1797 634 1834 et
674 1787 736 1835 ad
782 1789 984 1848 victum,
1017 1799 1064 1836 et
1103 1789 1164 1836 ad
1203 1789 1423 1837 bellicam
1454 1789 1806 1854 expeditionem

385 1875 767 1930 opportunarum
790 1868 833 1914 ei
855 1868 994 1932 copia
1017 1867 1307 1928 abundaret,
1332 1867 1550 1914 hostibus
1571 1883 1686 1914 vero
1705 1883 1804 1914 non

388 1942 535 1989 modo
557 1942 689 1989 nulla
715 1942 820 1990 talis
851 1953 972 1990 esset
993 1944 1148 2008 copia,
1173 1943 1256 1990 sed
1279 1944 1383 1990 dira
1406 1943 1548 1990 etiam
1570 1953 1807 2008 premeret

386 2034 469 2065 eos
492 2021 767 2080 necessitas,
795 2020 1094 2084 ampliusque
1120 2019 1255 2067 facile
1280 2020 1531 2077 tenuisset,
1556 2020 1597 2067 si
1623 2037 1723 2067 non
1747 2037 1806 2068 ex

386 2095 701 2155 abundantia,
728 2114 833 2160 quae
855 2097 1044 2144 Francis
1067 2106 1189 2155 erat,
1215 2114 1384 2144 eorum
1407 2097 1569 2144 fuisset
1588 2097 1806 2163 suppleta

385 2173 564 2236 inopia.
593 2174 751 2229 Quare
774 2174 949 2220 mirum
971 2174 1082 2220 satis
1102 2173 1254 2220 videri
1276 2184 1453 2238 potest,
1483 2175 1532 2220 in
1559 2183 1691 2222 tanta
1713 2191 1806 2240 op-

383 2249 676 2313 portunitate
709 2250 940 2308 victoriae,
978 2251 1228 2314 quomodo
1263 2251 1365 2316 ipse
1398 2255 1690 2298 Francorum
1721 2269 1804 2300 rex

382 2343 485 2373 sese
504 2328 603 2390 regi
627 2327 884 2391 Anglorum
908 2327 1211 2375 tributarium
1236 2328 1610 2392 vectigalemque
1633 2328 1802 2376 effece-

379 2405 465 2464 rit,
493 2405 570 2452 cui
595 2414 692 2451 tam
716 2405 921 2469 gloriosa
945 2407 1141 2454 victoria
1166 2407 1311 2454 veluti
1336 2415 1470 2472 parta
1494 2415 1542 2453 et
1565 2405 1801 2470 quodam-

383 2482 531 2530 modo
553 2483 603 2528 in
628 2482 846 2530 manibus
868 2483 1035 2530 haberi
1057 2483 1347 2531 videbatur¹.

454 2563 492 2607 E
529 2560 716 2608 diverso
762 2578 877 2608 vero
926 2578 1027 2608 non
1067 2560 1202 2609 facile
1242 2561 1424 2624 detergi
1465 2577 1550 2607 seu
1587 2562 1800 2607 excusari

378 2648 536 2703 potest
584 2647 682 2687 tam
714 2638 861 2685 facilis
897 2649 945 2686 et
977 2649 1088 2686 tam‘
1110 2649 1348 2705 praerupta
1383 2638 1642 2702 Anglorum
1676 2638 1800 2702 regis

429 2792 467 2828 1.
500 2792 552 2827 Le
571 2788 666 2827 recit
684 2789 731 2827 de
750 2789 968 2828 commines
990 2789 1139 2841 repond
1158 2802 1263 2828 assez
1285 2802 1363 2827 aux
1390 2788 1603 2837 objections
1623 2788 1673 2828 de
1689 2789 1798 2826 Tho-

376 2861 455 2887 mas
474 2849 602 2890 Basin.
624 2850 671 2898 Q.
694 2862 736 2890 v.
757 2851 977 2897 Me'moires,
999 2850 1028 2891 1.
1049 2851 1115 2896 IV,
1137 2863 1171 2887 c.
1192 2863 1263 2898 vn,
1286 2863 1380 2896 vm,
1402 2862 1459 2898 xx,
1479 2863 1505 2886 x
1524 2857 1562 2887 et
1579 2862 1632 2887 n.
