2054 3470
437 321 514 358 228
797 318 1137 357 HISTORIARUM
1169 318 1403 355 LUDOVICI
1429 318 1485 355 XI

437 423 534 453 suae
559 405 662 453 vela
686 405 837 452 facere
859 404 1128 465 inchoaret,
1155 403 1430 451 cudendum
1452 414 1551 451 erat
1572 413 1712 468 atque
1736 421 1841 469 per·
1866 415 1870 419 ·

436 482 715 530 cutiendum
739 481 893 529 foedus
915 481 1033 528 illud
1057 481 1237 529 illustre
1260 491 1402 545 atque
1426 490 1683 541 sacratum,
1709 481 1842 545 quod

435 562 558 608 inter
583 578 656 620 se,
686 570 879 607 auctore
907 560 1078 607 eodem
1104 560 1349 620 Warvick,
1375 563 1665 606 Francorum
1693 576 1774 607 rex
1796 568 1844 606 et

435 639 707 697 Edoardus,
735 638 903 697 unicus
924 638 1114 684 Henrici
1133 638 1254 701 regis
1275 637 1420 696 filius,
1448 636 1602 683 dictus
1622 636 1842 702 princeps

439 716 632 775 Walliae‚
654 725 987 781 percusserunt
1002 725 1142 780 atque
1158 714 1424 761 firmarunt.
1445 714 1590 777 Cujus
1611 714 1843 761 sententia

436 795 537 841 talis
560 804 660 841 erat
683 794 817 853 (nam
840 793 987 857 ipsius
1008 792 1194 840 foederis
1216 802 1263 839 et
1285 792 1514 857 plurimas
1535 790 1842 856 epistolarum

433 871 595 935 copias
623 870 821 934 legimus
843 880 889 916 et
911 869 995 917 diu
1016 869 1351 932 servavimus¹)
1376 886 1386 914 :

498 946 750 1005 Videlicet,
780 945 912 1009 quod
939 945 1067 991 idem
1091 944 1363 1004 Edoardus‚
1389 945 1610 1009 princeps
1634 943 1838 1005 Walliae,

427 1023 620 1086 jurabat
640 1040 727 1088 per
748 1025 927 1083 Deum,
953 1032 1216 1069 creatorem
1239 1031 1479 1083 nostrum,
1511 1038 1596 1087 per
1622 1021 1766 1069 fidem
1795 1031 1842 1068 et

431 1111 779 1149 sacramentum
796 1101 869 1147 sui
886 1101 1118 1166 corporis,
1139 1099 1229 1146 sub
1249 1117 1335 1147 suo
1354 1100 1540 1146 honore
1559 1100 1673 1146 etin
1691 1099 1841 1148 verbo

430 1179 681 1244 principis,
716 1178 849 1243 quod
881 1179 981 1243 ipse
1013 1179 1184 1227 faceret.
1212 1187 1259 1225 et
1288 1176 1389 1225 fieri
1419 1176 1594 1224 faceret
1623 1193 1841 1240 guerram

431 1268 667 1323 apertam,
705 1258 943 1322 perpetuis
972 1256 1291 1322 temporibus,
1325 1273 1412 1321 per
1437 1272 1604 1303 omnes
1637 1256 1720 1319 qui
1752 1273 1841 1321 pro

431 1350 480 1380 se
502 1333 769 1398 quidquam
789 1333 941 1380 facere
963 1332 1158 1392 vellent,
1180 1342 1349 1379 eontra
1366 1331 1539 1379 ducem
1561 1331 1843 1394 Burgundiae

430 1421 477 1459 et
506 1411 598 1458 sibi
628 1411 944 1471 adhaerentes,
975 1410 1094 1456 nulli
1124 1410 1192 1457 rei
1221 1419 1419 1474 propter
1448 1408 1544 1455 hoc
1570 1408 1839 1473 parcendo,

430 1499 476 1536 et
498 1488 631 1553 quod
654 1504 904 1552 nunquam
927 1487 1102 1535 faceret
1123 1503 1213 1534 nec
1238 1486 1340 1533 fieri
1366 1486 1542 1533 faceret
1561 1493 1839 1545 tractatum,

429 1580 615 1632 pacem,
642 1565 900 1612 accordum
921 1566 996 1611 vel
1020 1573 1528 1629 appunctuamentum‚
1554 1571 1741 1626 treugas
1761 1579 1845 1610 seu

430 1643 763 1690 abstinentiam
793 1659 819 1689 a
846 1658 1015 1706 guerra
1041 1658 1153 1688 cum
1183 1641 1355 1688 eodem
1386 1640 1508 1687 duce
1535 1639 1838 1703 Burgundiae;

430 1737 519 1767 nec
542 1720 656 1767 inde
685 1729 868 1766 teneret
892 1735 1004 1766 eum
1031 1718 1190 1783 aliquo
1213 1718 1412 1766 verbum
1436 1734 1517 1764 seu
1546 1733 1840 1776 sermonem,

429 1815 519 1862 pro
547 1814 851 1863 quacumque
882 1814 957 1859 re,
983 1813 1089 1861 quae
1117 1795 1221 1843 fieri
1250 1795 1324 1843 vel
1355 1795 1629 1859 contingere
1658 1803 1838 1858 posset,

485 1926 503 1961 1
515 1954 523 1962 .
554 1927 608 1962 Le
625 1933 728 1962 texte
744 1923 792 1962 de
809 1936 853 1961 ce
871 1922 996 1970 traite,
1018 1922 1214 1960 conforme
1233 1923 1255 1958 ὲ
1270 1920 1453 1971 l'analyse
1471 1932 1547 1971 que
1563 1933 1614 1958 va
1631 1933 1680 1958 en
1695 1920 1844 1960 donner

429 1983 611 2032 l’auteur‚
638 1983 758 2021 existe
788 1982 914 2034 parmi
937 1982 992 2020 les
1014 1993 1180 2033 preuves
1204 1982 1226 2018 ὲ
1251 1979 1446 2018 l‘Histoire
1471 1979 1519 2017 de
1539 1982 1769 2032 Bourgogne
1794 1980 1843 2019 de

429 2045 479 2082 D.
501 2042 688 2080 Plancher
706 2043 756 2090 (t.
779 2044 846 2091 IV,
871 2055 910 2092 p.
931 2040 1086 2089 ccxcij).
1107 2040 1139 2077 Il
1161 2048 1217 2077 est
1234 2038 1321 2077 date
1341 2038 1394 2077 du
1415 2040 1466 2076 28
1484 2038 1696 2078 novembre
1715 2041 1842 2089 14703

430 2102 530 2140 donc
550 2101 577 2139 il
600 2104 664 2139 n'a
687 2114 755 2151 pas
779 2100 838 2138 ete
860 2098 929 2136 fait
950 2107 1067 2137 avant
1085 2098 1121 2137 le
1140 2097 1275 2150 depart
1296 2097 1345 2136 de
1361 2097 1564 2136 Warwick.
1589 2098 1656 2138 S’il
1676 2098 1734 2137 fut
1751 2107 1843 2138 tenu

431 2168 573 2208 secret,
599 2172 642 2197 ce
666 2160 725 2197 fut
743 2159 994 2209 uniquement
1011 2171 1111 2209 pour
1127 2170 1177 2195 ne
1195 2171 1263 2208 pas
1283 2157 1456 2209 choquer
1473 2157 1658 2209 l’opinion
1683 2171 1732 2197 en
1754 2161 1843 2198 An-

431 2219 617 2271 gleterre‚
644 2219 696 2255 οὺ
720 2217 796 2254 l'on
815 2216 939 2254 aurait
957 2230 1009 2255 vu
1032 2216 1079 2254 de
1104 2216 1277 2254 mauvais
1294 2216 1357 2254 oeil
1379 2229 1454 2266 que
1482 2216 1518 2254 le
1539 2216 1672 2267 prince
1689 2219 1841 2270 s'enga-

432 2279 519 2331 gezit
537 2276 634 2316 ainsi
652 2284 782 2315 contre
801 2275 957 2314 Charles
978 2276 1015 2314 le
1032 2276 1269 2323 Temeraire,
1294 2276 1360 2327 qui
1382 2276 1517 2327 feignit
1541 2275 1704 2314 d'abord
1729 2276 1841 2329 d’ap-

431 2349 602 2389 prouver
628 2335 666 2373 la
690 2335 945 2373 restauration
973 2334 1021 2372 de
1048 2334 1168 2372 Henri
1189 2337 1253 2373 VI.
1285 2337 1388 2373 Pour
1413 2334 1528 2373 Louis
1550 2337 1631 2383 XI,
1651 2335 1678 2372 il
1698 2336 1842 2374 n'avait

431 2397 519 2449 plus
549 2399 571 2434 ὲ
602 2395 738 2434 cacher
759 2408 828 2433 son
859 2394 1027 2433 hostilitiz
1057 2402 1189 2432 contre
1216 2394 1251 2432 la
1278 2397 1506 2447 Bourgogne
1534 2409 1543 2430 z
1576 2393 1603 2431 il
1632 2395 1755 2433 s'etait
1774 2395 1842 2434 fait

432 2455 553 2494 delier
577 2454 872 2507 publiquement
898 2453 946 2491 de
977 2461 1101 2491 toutes
1128 2453 1182 2491 les
1210 2452 1437 2506 obligations
1466 2453 1698 2492 contractees
1723 2456 1745 2491 ὲ
1769 2455 1842 2492 Pe-

434 2529 555 2554 ronne
566 2546 576 2565 ,
606 2528 678 2566 par
701 2527 776 2552 une
805 2513 1014 2552 assemblee
1032 2513 1241 2552 solennelle
1257 2513 1482 2564 convoquee
1498 2514 1521 2550 ὲ
1537 2516 1678 2561 Tours,
1699 2516 1721 2551 ὲ
1735 2514 1773 2552 la
1787 2515 1840 2552 fin

432 2576 480 2614 de
497 2573 722 2613 novembre.
744 2573 775 2610 Il
795 2581 850 2611 est
870 2574 1025 2625 eti‘ange
1048 2585 1123 2624 que
1143 2571 1306 2610 l'auteur
1329 2572 1422 2610 n’ait
1445 2585 1513 2623 pas
1537 2572 1645 2623 parle
1670 2572 1719 2611 de
1741 2580 1840 2612 cette

431 2634 595 2674 reunion
613 2632 799 2684 politique
812 2660 822 2679 ‚
844 2632 910 2682 qui
930 2640 995 2670 eut
1011 2645 1065 2669 un
1084 2630 1301 2682 tres-grand
1320 2630 1635 2670 retentissement.
1656 2634 1710 2670 Le
1727 2632 1839 2670 traite

429 2706 525 2733 avec
542 2693 581 2733 le
597 2691 728 2744 prince
753 2690 801 2728 de
821 2689 950 2729 Galles
974 2699 1052 2739 est,
1074 2703 1122 2728 en
1141 2689 1307 2741 quelque
1324 2697 1426 2728 sorte
1438 2718 1450 2738 ,
1470 2689 1506 2728 le
1528 2690 1687 2728 resultat
1707 2690 1755 2729 de
1778 2704 1838 2730 ses

431 2751 714 2791 deliberations.
734 2751 827 2788 Voir
844 2751 881 2789 le
899 2759 1001 2790 texte
1017 2750 1065 2789 de
1081 2750 1295 2789 Commines
1314 2759 1351 2788 et
1366 2750 1421 2788 les
1436 2763 1602 2801 preuves
1618 2749 1666 2787 de
1681 2751 1839 2801 Lenglet

430 2813 664 2863 Dufresmy,
686 2820 713 2850 t.
735 2814 813 2860 ΠΙ,
836 2825 875 2863 p.
900 2813 965 2852 68.
