<?xml version="1.0" encoding="UTF-8"?>
<!DOCTYPE html PUBLIC "-//W3C//DTD XHTML 1.0 Transitional//EN"
    "http://www.w3.org/TR/xhtml1/DTD/xhtml1-transitional.dtd">
<html xmlns="http://www.w3.org/1999/xhtml" xml:lang="en" lang="en">
 <head>
  <title>
</title>
<meta http-equiv="Content-Type" content="text/html;charset=utf-8" />
  <meta name='ocr-system' content='tesseract 3.04.00' />
  <meta name='ocr-capabilities' content='ocr_page ocr_carea ocr_par ocr_line ocrx_word'/>
</head>
<body>
  <div class='ocr_page' id='page_1' title='image "./histoiredesrgn02basiuoft_0414.png"; bbox 0 0 2054 3470; ppageno 0'>
   <div class='ocr_carea' id='block_1_1' title="bbox 384 357 1427 396">
    <p class='ocr_par' dir='ltr' id='par_1_1' title="bbox 384 357 1427 396">
     <span class='ocr_line' id='line_1_1' title="bbox 384 357 1427 396; baseline 0.002 -2"><span class='ocrx_word' id='word_1_1' title='bbox 384 357 459 394; x_wconf 81' lang='lat'><strong>330</strong></span> <span class='ocrx_word' id='word_1_2' title='bbox 744 357 1082 395; x_wconf 80' lang='lat' dir='ltr'>HISTORIARUM</span> <span class='ocrx_word' id='word_1_3' title='bbox 1107 358 1343 396; x_wconf 87' lang='lat' dir='ltr'><strong>LUDOVICI</strong></span> <span class='ocrx_word' id='word_1_4' title='bbox 1371 360 1427 396; x_wconf 85' lang='lat' dir='ltr'><strong>XI</strong></span> 
     </span>
    </p>
   </div>
   <div class='ocr_carea' id='block_1_2' title="bbox 367 442 1799 2671">
    <p class='ocr_par' dir='ltr' id='par_1_2' title="bbox 374 442 1799 1822">
     <span class='ocr_line' id='line_1_2' title="bbox 380 442 1787 511; baseline 0.006 -22"><span class='ocrx_word' id='word_1_5' title='bbox 380 442 648 491; x_wconf 82' lang='lat' dir='ltr'><strong>Minabatur</strong></span> <span class='ocrx_word' id='word_1_6' title='bbox 667 459 842 508; x_wconf 90' lang='lat' dir='ltr'><strong>nempe</strong></span> <span class='ocrx_word' id='word_1_7' title='bbox 872 460 921 490; x_wconf 91' lang='lat' dir='ltr'><strong>se</strong></span> <span class='ocrx_word' id='word_1_8' title='bbox 955 443 1023 490; x_wconf 90' lang='lat' dir='ltr'><strong>eis</strong></span> <span class='ocrx_word' id='word_1_9' title='bbox 1050 443 1226 492; x_wconf 88' lang='lat' dir='ltr'><strong>damna</strong></span> <span class='ocrx_word' id='word_1_10' title='bbox 1250 454 1392 509; x_wconf 89' lang='lat' dir='ltr'><strong>atque</strong></span> <span class='ocrx_word' id='word_1_11' title='bbox 1420 446 1614 511; x_wconf 89' lang='lat' dir='ltr'><strong>injurias</strong></span> <span class='ocrx_word' id='word_1_12' title='bbox 1638 448 1787 498; x_wconf 79' lang='lat' dir='ltr'><strong>illatu-</strong></span> 
     </span>
     <span class='ocr_line' id='line_1_3' title="bbox 380 521 1782 590; baseline 0.005 -23"><span class='ocrx_word' id='word_1_13' title='bbox 380 538 511 581; x_wconf 91' lang='lat' dir='ltr'><strong>rum,</strong></span> <span class='ocrx_word' id='word_1_14' title='bbox 544 521 633 568; x_wconf 91' lang='lat' dir='ltr'><strong>nisi</strong></span> <span class='ocrx_word' id='word_1_15' title='bbox 677 521 772 568; x_wconf 90' lang='lat' dir='ltr'><strong>suis</strong></span> <span class='ocrx_word' id='word_1_16' title='bbox 811 521 1013 568; x_wconf 85' lang='lat' dir='ltr'><strong>decretis</strong></span> <span class='ocrx_word' id='word_1_17' title='bbox 1049 531 1096 568; x_wconf 88' lang='lat' dir='ltr'><strong>et</strong></span> <span class='ocrx_word' id='word_1_18' title='bbox 1141 523 1325 587; x_wconf 83' lang='lat' dir='ltr'><strong>placitis</strong></span> <span class='ocrx_word' id='word_1_19' title='bbox 1361 523 1782 590; x_wconf 83' lang='lat' dir='ltr'><strong>obtemperassent.</strong></span> 
     </span>
     <span class='ocr_line' id='line_1_4' title="bbox 377 598 1786 666; baseline 0.006 -21"><span class='ocrx_word' id='word_1_20' title='bbox 377 598 731 646; x_wconf 88' lang='lat' dir='ltr'><strong>Ferretensibus</strong></span> <span class='ocrx_word' id='word_1_21' title='bbox 758 599 901 646; x_wconf 82' lang='lat' dir='ltr'><strong>etiam</strong></span> <span class='ocrx_word' id='word_1_22' title='bbox 923 598 1165 647; x_wconf 89' lang='lat' dir='ltr'>inchoavit</span> <span class='ocrx_word' id='word_1_23' title='bbox 1195 617 1378 648; x_wconf 88' lang='lat' dir='ltr'><strong>novum</strong></span> <span class='ocrx_word' id='word_1_24' title='bbox 1407 603 1653 666; x_wconf 88' lang='lat' dir='ltr'>quoddam</span> <span class='ocrx_word' id='word_1_25' title='bbox 1678 621 1786 653; x_wconf 83' lang='lat' dir='ltr'><strong>vec-</strong></span> 
     </span>
     <span class='ocr_line' id='line_1_5' title="bbox 378 675 1788 746; baseline 0.005 -23"><span class='ocrx_word' id='word_1_26' title='bbox 378 675 487 740; x_wconf 88' lang='lat' dir='ltr'>tigal</span> <span class='ocrx_word' id='word_1_27' title='bbox 520 693 604 724; x_wconf 90' lang='lat' dir='ltr'><strong>seu</strong></span> <span class='ocrx_word' id='word_1_28' title='bbox 638 677 914 741; x_wconf 85' lang='lat' dir='ltr'><strong>impositum</strong></span> <span class='ocrx_word' id='word_1_29' title='bbox 948 676 1159 724; x_wconf 85' lang='lat' dir='ltr'><strong>indicere</strong></span> <span class='ocrx_word' id='word_1_30' title='bbox 1196 694 1338 743; x_wconf 91' lang='lat' dir='ltr'><strong>super</strong></span> <span class='ocrx_word' id='word_1_31' title='bbox 1369 680 1647 744; x_wconf 86' lang='lat' dir='ltr'><strong>potionibus</strong></span> <span class='ocrx_word' id='word_1_32' title='bbox 1682 698 1788 746; x_wconf 82' lang='lat' dir='ltr'><strong>quae</strong></span> 
     </span>
     <span class='ocr_line' id='line_1_6' title="bbox 377 753 1787 822; baseline 0.004 -21"><span class='ocrx_word' id='word_1_33' title='bbox 377 754 426 801; x_wconf 92' lang='lat' dir='ltr'><strong>in</strong></span> <span class='ocrx_word' id='word_1_34' title='bbox 444 764 569 801; x_wconf 88' lang='lat' dir='ltr'><strong>terra</strong></span> <span class='ocrx_word' id='word_1_35' title='bbox 583 753 928 813; x_wconf 88' lang='lat' dir='ltr'><strong>venderentur;</strong></span> <span class='ocrx_word' id='word_1_36' title='bbox 953 753 1084 817; x_wconf 91' lang='lat' dir='ltr'><strong>quod</strong></span> <span class='ocrx_word' id='word_1_37' title='bbox 1105 753 1229 801; x_wconf 92' lang='lat' dir='ltr'><strong>illius</strong></span> <span class='ocrx_word' id='word_1_38' title='bbox 1249 763 1383 802; x_wconf 84' lang='lat' dir='ltr'><strong>terrae</strong></span> <span class='ocrx_word' id='word_1_39' title='bbox 1401 756 1572 804; x_wconf 87' lang='lat' dir='ltr'><strong>accolae</strong></span> <span class='ocrx_word' id='word_1_40' title='bbox 1590 768 1787 822; x_wconf 88' lang='lat' dir='ltr'><strong>perante</strong></span> 
     </span>
     <span class='ocr_line' id='line_1_7' title="bbox 377 830 1783 897; baseline 0.003 -19"><span class='ocrx_word' id='word_1_41' title='bbox 377 831 568 895; x_wconf 87' lang='lat' dir='ltr'><strong>penitus</strong></span> <span class='ocrx_word' id='word_1_42' title='bbox 591 847 641 877; x_wconf 92' lang='lat' dir='ltr'><strong>se</strong></span> <span class='ocrx_word' id='word_1_43' title='bbox 664 830 885 878; x_wconf 89' lang='lat' dir='ltr'><strong>nesciisse</strong></span> <span class='ocrx_word' id='word_1_44' title='bbox 900 830 1188 877; x_wconf 82' lang='lat' dir='ltr'><strong>asserebant.</strong></span> <span class='ocrx_word' id='word_1_45' title='bbox 1213 834 1322 878; x_wconf 86' lang='lat' dir='ltr'><strong>Haec</strong></span> <span class='ocrx_word' id='word_1_46' title='bbox 1343 842 1486 897; x_wconf 88' lang='lat' dir='ltr'><strong>atque</strong></span> <span class='ocrx_word' id='word_1_47' title='bbox 1506 834 1596 881; x_wconf 89' lang='lat' dir='ltr'><strong>alia</strong></span> <span class='ocrx_word' id='word_1_48' title='bbox 1615 834 1783 895; x_wconf 90' lang='lat' dir='ltr'><strong>multa,</strong></span> 
     </span>
     <span class='ocr_line' id='line_1_8' title="bbox 377 901 1799 972; baseline 0.004 -17"><span class='ocrx_word' id='word_1_49' title='bbox 377 923 482 971; x_wconf 85' lang='lat' dir='ltr'><strong>quae</strong></span> <span class='ocrx_word' id='word_1_50' title='bbox 526 907 601 954; x_wconf 87' lang='lat' dir='ltr'><strong>vel</strong></span> <span class='ocrx_word' id='word_1_51' title='bbox 635 907 686 953; x_wconf 92' lang='lat' dir='ltr'><strong>in</strong></span> <span class='ocrx_word' id='word_1_52' title='bbox 721 908 868 972; x_wconf 93' lang='lat' dir='ltr'><strong>ipsius</strong></span> <span class='ocrx_word' id='word_1_53' title='bbox 897 907 1137 968; x_wconf 90' lang='lat' dir='ltr'><strong>moribus,</strong></span> <span class='ocrx_word' id='word_1_54' title='bbox 1166 907 1241 955; x_wconf 85' lang='lat' dir='ltr'><strong>vel</strong></span> <span class='ocrx_word' id='word_1_55' title='bbox 1275 909 1417 956; x_wconf 90' lang='lat' dir='ltr'><strong>etiam</strong></span> <span class='ocrx_word' id='word_1_56' title='bbox 1451 910 1501 956; x_wconf 91' lang='lat' dir='ltr'><strong>in</strong></span> <span class='ocrx_word' id='word_1_57' title='bbox 1527 910 1685 959; x_wconf 87' lang='lat' dir='ltr'><strong>verbis</strong></span> <span class='ocrx_word' id='word_1_58' title='bbox 1717 901 1799 960; x_wconf 38' lang='lat' dir='ltr'><strong>ni-&#39;</strong></span> 
     </span>
     <span class='ocr_line' id='line_1_9' title="bbox 379 984 1786 1048; baseline 0.004 -17"><span class='ocrx_word' id='word_1_59' title='bbox 379 984 529 1031; x_wconf 87' lang='lat' dir='ltr'><strong>mium</strong></span> <span class='ocrx_word' id='word_1_60' title='bbox 548 1000 714 1048; x_wconf 89' lang='lat' dir='ltr'><strong>aspera</strong></span> <span class='ocrx_word' id='word_1_61' title='bbox 740 993 787 1030; x_wconf 89' lang='lat' dir='ltr'><strong>et</strong></span> <span class='ocrx_word' id='word_1_62' title='bbox 817 984 1022 1031; x_wconf 88' lang='lat' dir='ltr'><strong>fastuosa</strong></span> <span class='ocrx_word' id='word_1_63' title='bbox 1054 985 1120 1031; x_wconf 91' lang='lat' dir='ltr'><strong>eis</strong></span> <span class='ocrx_word' id='word_1_64' title='bbox 1143 984 1447 1045; x_wconf 84' lang='lat' dir='ltr'><strong>videbantur,</strong></span> <span class='ocrx_word' id='word_1_65' title='bbox 1476 987 1616 1034; x_wconf 87' lang='lat' dir='ltr'><strong>simul</strong></span> <span class='ocrx_word' id='word_1_66' title='bbox 1644 989 1786 1036; x_wconf 88' lang='lat' dir='ltr'><strong>etiam</strong></span> 
     </span>
     <span class='ocr_line' id='line_1_10' title="bbox 377 1061 1787 1129; baseline 0.003 -20"><span class='ocrx_word' id='word_1_67' title='bbox 377 1062 510 1126; x_wconf 90' lang='lat' dir='ltr'><strong>quod</strong></span> <span class='ocrx_word' id='word_1_68' title='bbox 535 1062 654 1108; x_wconf 83' lang='lat' dir='ltr'><strong>vires</strong></span> <span class='ocrx_word' id='word_1_69' title='bbox 671 1071 814 1126; x_wconf 89' lang='lat' dir='ltr'><strong>atque</strong></span> <span class='ocrx_word' id='word_1_70' title='bbox 836 1062 1098 1126; x_wconf 88' lang='lat' dir='ltr'><strong>potentiam</strong></span> <span class='ocrx_word' id='word_1_71' title='bbox 1121 1061 1408 1109; x_wconf 89' lang='lat' dir='ltr'><strong>verebantur</strong></span> <span class='ocrx_word' id='word_1_72' title='bbox 1424 1062 1559 1110; x_wconf 91' lang='lat' dir='ltr'><strong>ducis</strong></span> <span class='ocrx_word' id='word_1_73' title='bbox 1577 1067 1787 1129; x_wconf 86' lang='lat' dir='ltr'><strong>Burgun-</strong></span> 
     </span>
     <span class='ocr_line' id='line_1_11' title="bbox 376 1138 1785 1205; baseline 0.003 -18"><span class='ocrx_word' id='word_1_74' title='bbox 376 1139 466 1187; x_wconf 86' lang='lat' dir='ltr'><strong>diae</strong></span> <span class='ocrx_word' id='word_1_75' title='bbox 495 1139 659 1204; x_wconf 88' lang='lat' dir='ltr'><strong>(quem</strong></span> <span class='ocrx_word' id='word_1_76' title='bbox 682 1138 911 1186; x_wconf 88' lang='lat' dir='ltr'><strong>videbant</strong></span> <span class='ocrx_word' id='word_1_77' title='bbox 944 1149 1159 1187; x_wconf 89' lang='lat' dir='ltr'><strong>recenter</strong></span> <span class='ocrx_word' id='word_1_78' title='bbox 1181 1140 1326 1187; x_wconf 86' lang='lat' dir='ltr'><strong>armis</strong></span> <span class='ocrx_word' id='word_1_79' title='bbox 1359 1141 1666 1205; x_wconf 88' lang='lat' dir='ltr'><strong>conquisiisse</strong></span> <span class='ocrx_word' id='word_1_80' title='bbox 1696 1143 1785 1191; x_wconf 91' lang='lat' dir='ltr'><strong>du-</strong></span> 
     </span>
     <span class='ocr_line' id='line_1_12' title="bbox 376 1215 1785 1284; baseline 0.003 -20"><span class='ocrx_word' id='word_1_81' title='bbox 376 1227 536 1264; x_wconf 84' lang='lat' dir='ltr'><strong>catum</strong></span> <span class='ocrx_word' id='word_1_82' title='bbox 546 1215 752 1264; x_wconf 86' lang='lat' dir='ltr'><strong>Geldriae</strong></span> <span class='ocrx_word' id='word_1_83' title='bbox 764 1225 906 1280; x_wconf 89' lang='lat' dir='ltr'><strong>atque</strong></span> <span class='ocrx_word' id='word_1_84' title='bbox 922 1216 1185 1282; x_wconf 90' lang='lat' dir='ltr'><strong>adspirasse</strong></span> <span class='ocrx_word' id='word_1_85' title='bbox 1200 1216 1262 1265; x_wconf 87' lang='lat' dir='ltr'><strong>ad</strong></span> <span class='ocrx_word' id='word_1_86' title='bbox 1277 1233 1495 1281; x_wconf 88' lang='lat' dir='ltr'><strong>regnum,</strong></span> <span class='ocrx_word' id='word_1_87' title='bbox 1514 1218 1636 1267; x_wconf 89' lang='lat' dir='ltr'><strong>infra</strong></span> <span class='ocrx_word' id='word_1_88' title='bbox 1650 1220 1785 1284; x_wconf 85' lang='lat' dir='ltr'><strong>cujus</strong></span> 
     </span>
     <span class='ocr_line' id='line_1_13' title="bbox 375 1293 1782 1360; baseline 0.001 -17"><span class='ocrx_word' id='word_1_89' title='bbox 375 1294 570 1354; x_wconf 82' lang='lat' dir='ltr'><strong>limites,</strong></span> <span class='ocrx_word' id='word_1_90' title='bbox 608 1293 647 1340; x_wconf 93' lang='lat' dir='ltr'><strong>si</strong></span> <span class='ocrx_word' id='word_1_91' title='bbox 677 1310 753 1340; x_wconf 91' lang='lat' dir='ltr'><strong>res</strong></span> <span class='ocrx_word' id='word_1_92' title='bbox 789 1293 904 1350; x_wconf 87' lang='lat' dir='ltr'><strong>sibi,</strong></span> <span class='ocrx_word' id='word_1_93' title='bbox 939 1294 1007 1340; x_wconf 77' lang='lat' dir='ltr'><strong>uti</strong></span> <span class='ocrx_word' id='word_1_94' title='bbox 1039 1295 1376 1354; x_wconf 63' lang='lat' dir='ltr'><strong>aestimaverat,</strong></span> <span class='ocrx_word' id='word_1_95' title='bbox 1415 1297 1782 1360; x_wconf 83' lang='lat' dir='ltr'><strong>processissent,</strong></span> 
     </span>
     <span class='ocr_line' id='line_1_14' title="bbox 375 1370 1783 1438; baseline 0.003 -21"><span class='ocrx_word' id='word_1_96' title='bbox 375 1371 515 1418; x_wconf 88' lang='lat' dir='ltr'><strong>fuisse</strong></span> <span class='ocrx_word' id='word_1_97' title='bbox 535 1370 790 1417; x_wconf 86' lang='lat' dir='ltr'><strong>claudendi</strong></span> <span class='ocrx_word' id='word_1_98' title='bbox 808 1381 854 1417; x_wconf 87' lang='lat' dir='ltr'><strong>et</strong></span> <span class='ocrx_word' id='word_1_99' title='bbox 872 1371 1295 1418; x_wconf 88' lang='lat' dir='ltr'><strong>circumscribendi</strong></span> <span class='ocrx_word' id='word_1_100' title='bbox 1313 1372 1453 1436; x_wconf 86' lang='lat' dir='ltr'><strong>vulgo</strong></span> <span class='ocrx_word' id='word_1_101' title='bbox 1473 1372 1783 1438; x_wconf 81' lang='lat' dir='ltr'><strong>ferebantur),</strong></span> 
     </span>
     <span class='ocr_line' id='line_1_15' title="bbox 374 1447 1780 1515; baseline 0.002 -20"><span class='ocrx_word' id='word_1_102' title='bbox 374 1457 515 1512; x_wconf 87' lang='lat' dir='ltr'><strong>pacto</strong></span> <span class='ocrx_word' id='word_1_103' title='bbox 539 1448 662 1494; x_wconf 88' lang='lat' dir='ltr'><strong>inter</strong></span> <span class='ocrx_word' id='word_1_104' title='bbox 683 1464 735 1494; x_wconf 92' lang='lat' dir='ltr'><strong>se</strong></span> <span class='ocrx_word' id='word_1_105' title='bbox 757 1447 951 1508; x_wconf 85' lang='lat' dir='ltr'><strong>foedere,</strong></span> <span class='ocrx_word' id='word_1_106' title='bbox 981 1448 1121 1496; x_wconf 91' lang='lat' dir='ltr'><strong>simul</strong></span> <span class='ocrx_word' id='word_1_107' title='bbox 1148 1449 1293 1496; x_wconf 89' lang='lat' dir='ltr'><strong>etiam</strong></span> <span class='ocrx_word' id='word_1_108' title='bbox 1309 1466 1423 1496; x_wconf 89' lang='lat' dir='ltr'><strong>cum</strong></span> <span class='ocrx_word' id='word_1_109' title='bbox 1446 1450 1780 1515; x_wconf 88' lang='lat' dir='ltr'><strong>Sigismundo‚</strong></span> 
     </span>
     <span class='ocr_line' id='line_1_16' title="bbox 375 1523 1786 1589; baseline 0.004 -19"><span class='ocrx_word' id='word_1_110' title='bbox 375 1523 497 1572; x_wconf 87' lang='lat' dir='ltr'><strong>duce</strong></span> <span class='ocrx_word' id='word_1_111' title='bbox 536 1524 755 1584; x_wconf 86' lang='lat' dir='ltr'><strong>Austriae,</strong></span> <span class='ocrx_word' id='word_1_112' title='bbox 800 1526 906 1589; x_wconf 92' lang='lat' dir='ltr'><strong>qui,</strong></span> <span class='ocrx_word' id='word_1_113' title='bbox 945 1526 1015 1572; x_wconf 85' lang='lat' dir='ltr'><strong>uti</strong></span> <span class='ocrx_word' id='word_1_114' title='bbox 1060 1525 1289 1587; x_wconf 87' lang='lat' dir='ltr'><strong>diximus,</strong></span> <span class='ocrx_word' id='word_1_115' title='bbox 1325 1526 1461 1573; x_wconf 87' lang='lat' dir='ltr'><strong>illum</strong></span> <span class='ocrx_word' id='word_1_116' title='bbox 1504 1528 1786 1576; x_wconf 89' lang='lat' dir='ltr'><strong>comitatum</strong></span> 
     </span>
     <span class='ocr_line' id='line_1_17' title="bbox 374 1604 1785 1670; baseline 0.004 -22"><span class='ocrx_word' id='word_1_117' title='bbox 374 1605 695 1651; x_wconf 84' lang='lat' dir='ltr'><strong>Ferretensem</strong></span> <span class='ocrx_word' id='word_1_118' title='bbox 726 1613 837 1650; x_wconf 85' lang='lat' dir='ltr'><strong>ante</strong></span> <span class='ocrx_word' id='word_1_119' title='bbox 864 1619 1017 1650; x_wconf 89' lang='lat' dir='ltr'><strong>annos</strong></span> <span class='ocrx_word' id='word_1_120' title='bbox 1037 1620 1217 1668; x_wconf 88' lang='lat' dir='ltr'><strong>paucos</strong></span> <span class='ocrx_word' id='word_1_121' title='bbox 1242 1604 1333 1669; x_wconf 91' lang='lat' dir='ltr'><strong>ipsi</strong></span> <span class='ocrx_word' id='word_1_122' title='bbox 1362 1604 1473 1652; x_wconf 89' lang='lat' dir='ltr'><strong>duci</strong></span> <span class='ocrx_word' id='word_1_123' title='bbox 1501 1605 1785 1670; x_wconf 84' lang='lat' dir='ltr'><strong>Burgundiae</strong></span> 
     </span>
     <span class='ocr_line' id='line_1_18' title="bbox 374 1681 1785 1747; baseline 0.001 -19"><span class='ocrx_word' id='word_1_124' title='bbox 374 1681 670 1738; x_wconf 86' lang='lat' dir='ltr'><strong>vendiderat,</strong></span> <span class='ocrx_word' id='word_1_125' title='bbox 691 1681 819 1747; x_wconf 90' lang='lat' dir='ltr'><strong>ipsos</strong></span> <span class='ocrx_word' id='word_1_126' title='bbox 841 1684 1135 1729; x_wconf 89' lang='lat' dir='ltr'><strong>Ferretenses</strong></span> <span class='ocrx_word' id='word_1_127' title='bbox 1153 1682 1214 1729; x_wconf 88' lang='lat' dir='ltr'><strong>ad</strong></span> <span class='ocrx_word' id='word_1_128' title='bbox 1230 1682 1541 1730; x_wconf 90' lang='lat' dir='ltr'><strong>rebellionem</strong></span> <span class='ocrx_word' id='word_1_129' title='bbox 1559 1682 1785 1731; x_wconf 88' lang='lat' dir='ltr'><strong>adversus</strong></span> 
     </span>
     <span class='ocr_line' id='line_1_19' title="bbox 374 1758 1444 1822; baseline 0.002 -18"><span class='ocrx_word' id='word_1_130' title='bbox 374 1758 599 1807; x_wconf 86' lang='lat' dir='ltr'><strong>eumdem</strong></span> <span class='ocrx_word' id='word_1_131' title='bbox 623 1759 908 1822; x_wconf 87' lang='lat' dir='ltr'><strong>Burgundiae</strong></span> <span class='ocrx_word' id='word_1_132' title='bbox 931 1759 1104 1806; x_wconf 88' lang='lat' dir='ltr'><strong>ducem</strong></span> <span class='ocrx_word' id='word_1_133' title='bbox 1128 1760 1444 1807; x_wconf 85' lang='lat' dir='ltr'><strong>concitarunt.</strong></span> 
     </span>
    </p>

    <p class='ocr_par' dir='ltr' id='par_1_3' title="bbox 367 1835 1783 2671">
     <span class='ocr_line' id='line_1_20' title="bbox 439 1835 1779 1896; baseline 0.001 -14"><span class='ocrx_word' id='word_1_134' title='bbox 439 1836 552 1894; x_wconf 87' lang='lat' dir='ltr'><strong>Qui,</strong></span> <span class='ocrx_word' id='word_1_135' title='bbox 580 1853 691 1883; x_wconf 91' lang='lat' dir='ltr'><strong>cum</strong></span> <span class='ocrx_word' id='word_1_136' title='bbox 714 1837 776 1884; x_wconf 89' lang='lat' dir='ltr'><strong>ad</strong></span> <span class='ocrx_word' id='word_1_137' title='bbox 803 1836 897 1883; x_wconf 92' lang='lat' dir='ltr'><strong>hoc</strong></span> <span class='ocrx_word' id='word_1_138' title='bbox 927 1853 1026 1883; x_wconf 90' lang='lat' dir='ltr'><strong>non</strong></span> <span class='ocrx_word' id='word_1_139' title='bbox 1049 1836 1355 1883; x_wconf 86' lang='lat' dir='ltr'><strong>involuntarii</strong></span> <span class='ocrx_word' id='word_1_140' title='bbox 1378 1846 1554 1896; x_wconf 87' lang='lat' dir='ltr'><strong>essent,</strong></span> <span class='ocrx_word' id='word_1_141' title='bbox 1580 1835 1664 1883; x_wconf 90' lang='lat' dir='ltr'><strong>sed</strong></span> <span class='ocrx_word' id='word_1_142' title='bbox 1695 1836 1779 1884; x_wconf 84' lang='lat' dir='ltr'><strong>de-</strong></span> 
     </span>
     <span class='ocr_line' id='line_1_21' title="bbox 372 1900 1783 1972; baseline 0.001 -14"><span class='ocrx_word' id='word_1_143' title='bbox 372 1912 627 1960; x_wconf 81' lang='lat' dir='ltr'><strong>sectionem</strong></span> <span class='ocrx_word' id='word_1_144' title='bbox 658 1913 720 1961; x_wconf 90' lang='lat' dir='ltr'><strong>ab</strong></span> <span class='ocrx_word' id='word_1_145' title='bbox 755 1906 838 1972; x_wconf 85' lang='lat' dir='ltr'><strong>eo,</strong></span> <span class='ocrx_word' id='word_1_146' title='bbox 876 1900 923 1960; x_wconf 83' lang='lat' dir='ltr'><strong>et</strong></span> <span class='ocrx_word' id='word_1_147' title='bbox 954 1930 1066 1960; x_wconf 90' lang='lat' dir='ltr'><strong>cum</strong></span> <span class='ocrx_word' id='word_1_148' title='bbox 1105 1913 1399 1960; x_wconf 89' lang='lat' dir='ltr'><strong>Suitensibus</strong></span> <span class='ocrx_word' id='word_1_149' title='bbox 1431 1922 1481 1959; x_wconf 89' lang='lat' dir='ltr'><strong>et</strong></span> <span class='ocrx_word' id='word_1_150' title='bbox 1516 1912 1783 1960; x_wconf 85' lang='lat' dir='ltr'><strong>civitatibus</strong></span> 
     </span>
     <span class='ocr_line' id='line_1_22' title="bbox 372 1987 1782 2052; baseline 0.001 -18"><span class='ocrx_word' id='word_1_151' title='bbox 372 1987 582 2036; x_wconf 86' lang='lat' dir='ltr'><strong>finitimis</strong></span> <span class='ocrx_word' id='word_1_152' title='bbox 604 1989 1060 2036; x_wconf 82' lang='lat' dir='ltr'><strong>confoederationem</strong></span> <span class='ocrx_word' id='word_1_153' title='bbox 1077 1999 1122 2036; x_wconf 90' lang='lat' dir='ltr'><strong>et</strong></span> <span class='ocrx_word' id='word_1_154' title='bbox 1141 1989 1461 2052; x_wconf 86' lang='lat' dir='ltr'><strong>colligantiam</strong></span> <span class='ocrx_word' id='word_1_155' title='bbox 1486 1989 1596 2036; x_wconf 85' lang='lat' dir='ltr'><strong>totis</strong></span> <span class='ocrx_word' id='word_1_156' title='bbox 1614 1989 1782 2036; x_wconf 89' lang='lat' dir='ltr'><strong>animis</strong></span> 
     </span>
     <span class='ocr_line' id='line_1_23' title="bbox 371 2063 1782 2127; baseline 0.002 -18"><span class='ocrx_word' id='word_1_157' title='bbox 371 2064 671 2123; x_wconf 78' lang='lat' dir='ltr'><strong>affectarent,</strong></span> <span class='ocrx_word' id='word_1_158' title='bbox 697 2081 746 2111; x_wconf 90' lang='lat' dir='ltr'><strong>se</strong></span> <span class='ocrx_word' id='word_1_159' title='bbox 774 2064 834 2111; x_wconf 86' lang='lat' dir='ltr'><strong>ab</strong></span> <span class='ocrx_word' id='word_1_160' title='bbox 860 2065 1072 2127; x_wconf 88' lang='lat' dir='ltr'><strong>ejusdem</strong></span> <span class='ocrx_word' id='word_1_161' title='bbox 1103 2063 1376 2111; x_wconf 83' lang='lat' dir='ltr'><strong>obedientia</strong></span> <span class='ocrx_word' id='word_1_162' title='bbox 1407 2074 1455 2111; x_wconf 90' lang='lat' dir='ltr'><strong>et</strong></span> <span class='ocrx_word' id='word_1_163' title='bbox 1485 2064 1782 2127; x_wconf 88' lang='lat' dir='ltr'><strong>subjectione</strong></span> 
     </span>
     <span class='ocr_line' id='line_1_24' title="bbox 370 2140 1782 2199; baseline 0.003 -13"><span class='ocrx_word' id='word_1_164' title='bbox 370 2140 725 2188; x_wconf 89' lang='lat' dir='ltr'><strong>subtraxerunt.</strong></span> <span class='ocrx_word' id='word_1_165' title='bbox 751 2144 908 2198; x_wconf 87' lang='lat' dir='ltr'><strong>Quam</strong></span> <span class='ocrx_word' id='word_1_166' title='bbox 925 2140 1242 2187; x_wconf 85' lang='lat' dir='ltr'><strong>defectionem</strong></span> <span class='ocrx_word' id='word_1_167' title='bbox 1264 2158 1346 2188; x_wconf 90' lang='lat' dir='ltr'><strong>seu</strong></span> <span class='ocrx_word' id='word_1_168' title='bbox 1370 2140 1706 2199; x_wconf 88' lang='lat' dir='ltr'><strong>rebellionem,</strong></span> <span class='ocrx_word' id='word_1_169' title='bbox 1728 2153 1782 2190; x_wconf 89' lang='lat' dir='ltr'><strong>ut</strong></span> 
     </span>
     <span class='ocr_line' id='line_1_25' title="bbox 370 2217 1781 2282; baseline 0.003 -18"><span class='ocrx_word' id='word_1_170' title='bbox 370 2217 568 2282; x_wconf 88' lang='lat' dir='ltr'><strong>alicujus</strong></span> <span class='ocrx_word' id='word_1_171' title='bbox 584 2218 776 2282; x_wconf 90' lang='lat' dir='ltr'><strong>juridici</strong></span> <span class='ocrx_word' id='word_1_172' title='bbox 790 2218 966 2265; x_wconf 87' lang='lat' dir='ltr'><strong>coloris</strong></span> <span class='ocrx_word' id='word_1_173' title='bbox 985 2217 1261 2282; x_wconf 85' lang='lat' dir='ltr'><strong>obtegerent</strong></span> <span class='ocrx_word' id='word_1_174' title='bbox 1283 2220 1577 2278; x_wconf 83' lang='lat' dir='ltr'><strong>velament0‚</strong></span> <span class='ocrx_word' id='word_1_175' title='bbox 1605 2236 1781 2268; x_wconf 90' lang='lat' dir='ltr'><strong>assere-</strong></span> 
     </span>
     <span class='ocr_line' id='line_1_26' title="bbox 370 2293 1781 2361; baseline 0.003 -21"><span class='ocrx_word' id='word_1_176' title='bbox 370 2293 488 2342; x_wconf 89' lang='lat' dir='ltr'><strong>bant</strong></span> <span class='ocrx_word' id='word_1_177' title='bbox 519 2295 693 2343; x_wconf 91' lang='lat' dir='ltr'><strong>ducem</strong></span> <span class='ocrx_word' id='word_1_178' title='bbox 733 2296 927 2342; x_wconf 84' lang='lat' dir='ltr'><strong>Austriae</strong></span> <span class='ocrx_word' id='word_1_179' title='bbox 971 2296 1351 2360; x_wconf 86' lang='lat' dir='ltr'><strong>Sigismundum,</strong></span> <span class='ocrx_word' id='word_1_180' title='bbox 1406 2297 1540 2360; x_wconf 92' lang='lat' dir='ltr'><strong>cujus</strong></span> <span class='ocrx_word' id='word_1_181' title='bbox 1583 2306 1781 2361; x_wconf 85' lang='lat' dir='ltr'><strong>perante</strong></span> 
     </span>
     <span class='ocr_line' id='line_1_27' title="bbox 370 2373 1779 2439; baseline 0.001 -18"><span class='ocrx_word' id='word_1_182' title='bbox 370 2373 541 2421; x_wconf 86' lang='lat' dir='ltr'><strong>ditioni</strong></span> <span class='ocrx_word' id='word_1_183' title='bbox 583 2384 867 2439; x_wconf 88' lang='lat' dir='ltr'><strong>paruerant,</strong></span> <span class='ocrx_word' id='word_1_184' title='bbox 910 2390 968 2420; x_wconf 82' lang='lat' dir='ltr'><strong>ex</strong></span> <span class='ocrx_word' id='word_1_185' title='bbox 1009 2375 1112 2437; x_wconf 86' lang='lat' dir='ltr'><strong>lege</strong></span> <span class='ocrx_word' id='word_1_186' title='bbox 1149 2374 1277 2422; x_wconf 84' lang='lat' dir='ltr'><strong>dicta</strong></span> <span class='ocrx_word' id='word_1_187' title='bbox 1310 2376 1360 2422; x_wconf 90' lang='lat' dir='ltr'><strong>in</strong></span> <span class='ocrx_word' id='word_1_188' title='bbox 1395 2375 1673 2423; x_wconf 85' lang='lat' dir='ltr'><strong>venditione</strong></span> <span class='ocrx_word' id='word_1_189' title='bbox 1705 2376 1779 2422; x_wconf 91' lang='lat' dir='ltr'><strong>sui</strong></span> 
     </span>
     <span class='ocr_line' id='line_1_28' title="bbox 367 2451 1780 2517; baseline -0.001 -17"><span class='ocrx_word' id='word_1_190' title='bbox 367 2452 637 2513; x_wconf 86' lang='lat' dir='ltr'><strong>comitatus,</strong></span> <span class='ocrx_word' id='word_1_191' title='bbox 653 2452 814 2499; x_wconf 87' lang='lat' dir='ltr'><strong>fecisse</strong></span> <span class='ocrx_word' id='word_1_192' title='bbox 831 2452 989 2499; x_wconf 80' lang='lat' dir='ltr'><strong>offerri</strong></span> <span class='ocrx_word' id='word_1_193' title='bbox 1002 2454 1014 2476; x_wconf 87' lang='lat'><strong>¹</strong></span> <span class='ocrx_word' id='word_1_194' title='bbox 1030 2451 1142 2499; x_wconf 91' lang='lat' dir='ltr'><strong>duci</strong></span> <span class='ocrx_word' id='word_1_195' title='bbox 1160 2452 1553 2515; x_wconf 88' lang='lat' dir='ltr'><strong>Burgundionum</strong></span> <span class='ocrx_word' id='word_1_196' title='bbox 1572 2453 1780 2517; x_wconf 87' lang='lat' dir='ltr'><strong>pretium</strong></span> 
     </span>
     <span class='ocr_line' id='line_1_29' title="bbox 368 2517 1780 2594; baseline 0.001 -18"><span class='ocrx_word' id='word_1_197' title='bbox 368 2517 502 2592; x_wconf 87' lang='lat' dir='ltr'><strong>quod</strong></span> <span class='ocrx_word' id='word_1_198' title='bbox 523 2546 612 2594; x_wconf 91' lang='lat' dir='ltr'><strong>pro</strong></span> <span class='ocrx_word' id='word_1_199' title='bbox 634 2528 808 2576; x_wconf 85' lang='lat' dir='ltr'><strong>eodem</strong></span> <span class='ocrx_word' id='word_1_200' title='bbox 832 2530 1059 2575; x_wconf 90' lang='lat' dir='ltr'><strong>comitatu</strong></span> <span class='ocrx_word' id='word_1_201' title='bbox 1082 2529 1183 2593; x_wconf 89' lang='lat' dir='ltr'><strong>ipse</strong></span> <span class='ocrx_word' id='word_1_202' title='bbox 1208 2530 1511 2590; x_wconf 80' lang='lat' dir='ltr'><strong>exsolverat²3</strong></span> <span class='ocrx_word' id='word_1_203' title='bbox 1538 2539 1780 2594; x_wconf 74' lang='lat' dir='ltr'><strong>protesta-</strong></span> 
     </span>
     <span class='ocr_line' id='line_1_30' title="bbox 369 2606 1776 2671; baseline 0.001 -19"><span class='ocrx_word' id='word_1_204' title='bbox 369 2617 567 2670; x_wconf 88' lang='lat' dir='ltr'><strong>tnmque</strong></span> <span class='ocrx_word' id='word_1_205' title='bbox 589 2606 754 2666; x_wconf 88' lang='lat' dir='ltr'><strong>fuisse,</strong></span> <span class='ocrx_word' id='word_1_206' title='bbox 780 2607 869 2652; x_wconf 91' lang='lat' dir='ltr'><strong>nisi</strong></span> <span class='ocrx_word' id='word_1_207' title='bbox 885 2606 934 2653; x_wconf 93' lang='lat' dir='ltr'><strong>id</strong></span> <span class='ocrx_word' id='word_1_208' title='bbox 958 2608 1213 2670; x_wconf 87' lang='lat' dir='ltr'><strong>reciperet,</strong></span> <span class='ocrx_word' id='word_1_209' title='bbox 1240 2623 1290 2653; x_wconf 88' lang='lat' dir='ltr'><strong>se</strong></span> <span class='ocrx_word' id='word_1_210' title='bbox 1313 2607 1374 2653; x_wconf 88' lang='lat' dir='ltr'><strong>ad</strong></span> <span class='ocrx_word' id='word_1_211' title='bbox 1395 2606 1776 2671; x_wconf 87' lang='lat' dir='ltr'><strong>recuperandum</strong></span> 
     </span>
    </p>
   </div>
   <div class='ocr_carea' id='block_1_3' title="bbox 421 2785 962 2884">
    <p class='ocr_par' dir='ltr' id='par_1_4' title="bbox 421 2785 962 2884">
     <span class='ocr_line' id='line_1_31' title="bbox 423 2785 898 2834; baseline 0 -11"><span class='ocrx_word' id='word_1_212' title='bbox 423 2788 459 2826; x_wconf 80' lang='lat'><strong>1.</strong></span> <span class='ocrx_word' id='word_1_213' title='bbox 491 2785 646 2834; x_wconf 71' lang='lat' dir='ltr'><strong>AuJ‘erri</strong></span> <span class='ocrx_word' id='word_1_214' title='bbox 664 2785 758 2823; x_wconf 86' lang='lat' dir='ltr'><strong>dans</strong></span> <span class='ocrx_word' id='word_1_215' title='bbox 777 2785 813 2823; x_wconf 87' lang='lat' dir='ltr'><strong>le</strong></span> <span class='ocrx_word' id='word_1_216' title='bbox 829 2799 898 2824; x_wconf 87' lang='lat' dir='ltr'><strong>ms.</strong></span> 
     </span>
     <span class='ocr_line' id='line_1_32' title="bbox 421 2845 962 2884; baseline 0.002 -2"><span class='ocrx_word' id='word_1_217' title='bbox 421 2846 459 2883; x_wconf 78' lang='grc' dir='ltr'><strong>Ξ.</strong></span> <span class='ocrx_word' id='word_1_218' title='bbox 491 2847 708 2882; x_wconf 72' lang='lat' dir='ltr'><strong>Exsotoeret</strong></span> <span class='ocrx_word' id='word_1_219' title='bbox 726 2845 819 2882; x_wconf 87' lang='lat' dir='ltr'><strong>dans</strong></span> <span class='ocrx_word' id='word_1_220' title='bbox 836 2845 871 2882; x_wconf 85' lang='lat' dir='ltr'><strong>le</strong></span> <span class='ocrx_word' id='word_1_221' title='bbox 890 2858 962 2884; x_wconf 75' lang='lat' dir='ltr'><strong>ms.</strong></span> 
     </span>
    </p>
   </div>
   <div class='ocr_carea' id='block_1_4' title="bbox 2020 2215 2054 3425">
    <p class='ocr_par' dir='ltr' id='par_1_5' title="bbox 2020 2215 2054 3425">
     <span class='ocr_line' id='line_1_33' title="bbox 2020 2215 2054 3425; baseline 0 0"><span class='ocrx_word' id='word_1_222' title='bbox 2020 2215 2054 3425; x_wconf 95' lang='lat' dir='ltr'><strong> </strong></span> 
     </span>
    </p>
   </div>
  </div>
 </body>
</html>
