2054 3470
368 372 409 409 31
425 373 445 409 4
728 371 1071 409 HISTORIARUM
1098 371 1335 409 LUDOVICI
1362 372 1417 408 XI

432 464 490 508 Et
524 461 590 509 ita
624 477 712 526 pro
743 469 960 524 tempore
980 458 1232 518 hos-tilitas,
1266 476 1370 524 quae
1405 459 1529 507 inter
1560 459 1779 524 praefatos

368 555 498 602 reges
526 539 626 603 jam
646 554 733 604 per
760 553 914 585 annos
939 536 1120 600 aliquot
1137 536 1419 584 efferbuerat
1443 553 1542 584 non
1567 537 1669 583 sine
1692 546 1781 584 ter-

367 632 527 663 rarum
562 625 609 662 et
639 614 941 662 subditorum
977 614 1227 678 utriusque
1260 613 1448 660 damnis
1481 612 1698 678 plurimis
1733 623 1781 662 et

366 693 684 750 detrimentiS‚
722 692 869 757 pactis
905 701 952 738 et
989 690 1389 738 conventionibus
1427 691 1549 737 inter
1584 690 1779 738 eosdem

368 770 564 818 firmatis
593 769 740 818 finem
775 786 864 834 pro
895 779 1009 816 tunc
1041 769 1250 833 accepit,
1285 768 1410 815 circa
1439 784 1650 815 mensem
1672 785 1780 833 sep-

366 847 564 896 tembris
580 850 609 906 ¹,
638 856 859 894 currente
883 862 1011 893 anno
1037 845 1230 892 Domini
1252 861 1449 892 mcccc.
1465 861 1627 892 Lxxm.

842 1075 1182 1122 CAPITULUM
1216 1077 1297 1120 Vl.

368 1215 421 1248 De
463 1213 738 1248 incarceratione
771 1221 805 1246 et
838 1211 1040 1246 detentione
1067 1210 1168 1246 ducis
1193 1210 1347 1247 Geldriae
1373 1225 1436 1259 per
1460 1212 1646 1260 proprium
1669 1212 1782 1248 fllium

414 1278 516 1301 suum
525 1293 536 1310 ‚
553 1266 674 1312 suique
695 1265 759 1300 filii
776 1274 896 1313 postea
910 1277 975 1312 per
991 1263 1206 1312 Burgundiae
1233 1264 1361 1300 ducem
1378 1265 1659 1312 apprehensione
1678 1273 1712 1300 et
1727 1265 1782 1300 in-

415 1319 654 1355 carceratione
665 1319 693 1356 ².

434 1436 855 1496 Quemadmodum
879 1453 1015 1496 sane,
1051 1435 1415 1484 decurrentibus
1437 1437 1639 1501 treugis,
1665 1453 1786 1501 quas

366 1531 511 1581 supra
533 1515 677 1562 factas
697 1515 838 1561 fuisse
860 1523 907 1561 et
932 1513 1139 1561 firmatas
1167 1514 1290 1561 inter
1314 1517 1603 1561 Francorum
1625 1530 1784 1578 regem

368 1603 415 1640 et
445 1593 618 1640 ducem
649 1592 879 1639 illustrem
915 1590 1310 1655 Burgundionum
1350 1591 1623 1652 retulimus,
1663 1608 1786 1657 prae-

368 1670 493 1718 dicta
526 1686 613 1736 per
645 1686 807 1733 regem
841 1672 1133 1716 Francorum
1166 1679 1296 1733 gesta
1319 1669 1537 1730 fuerunt,
1563 1678 1662 1716 tam
1698 1669 1784 1718 ad-

368 1765 531 1795 versus
563 1748 786 1794 comitem
824 1746 1078 1794 Arminiaci
1108 1763 1255 1811 quam
1286 1762 1446 1810 regem
1486 1748 1781 1810 Aragonum,

368 1827 435 1873 sic
471 1826 615 1873 etiam
652 1842 752 1872 non
790 1842 985 1890 prorsus
1027 1824 1210 1871 feriavit
1247 1834 1332 1871 aut
1370 1823 1618 1887 obtorpuit
1655 1823 1785 1871 idem

370 1903 766 1966 Burgundionum
790 1902 903 1949 dux.
934 1905 1052 1948 Nam
1076 1902 1123 1947 in
1148 1900 1315 1947 eadem
1339 1909 1498 1947 aestate
1514 1936 1526 1960 ,
1548 1916 1660 1947 cum
1681 1900 1786 1947 Gel-

371 2019 419 2058 de
438 2032 481 2057 ce
497 2032 573 2070 que
587 2018 669 2056 cela
684 2017 806 2056 s’etait
828 2017 910 2066 fait,
931 2025 969 2055 et
985 2015 1078 2067 qu'il
1099 2015 1201 2054 avait
1221 2013 1395 2052 ordonne
1415 2016 1437 2051 a
1457 2027 1528 2052 son
1546 2013 1785 2052 vice-amital

369 2078 417 2116 de
446 2078 528 2116 s'en
558 2078 774 2128 expliquer.
812 2094 830 2109 «ι
853 2075 1018 2124 Quando
1042 2083 1191 2121 autem,
1217 2091 1234 2107 »ι
1265 2073 1502 2122 ajoute-t·il‚
1532 2090 1551 2108 u:
1582 2087 1671 2112 cum
1699 2074 1786 2126 ipso

367 2137 555 2176 Columbo
581 2146 619 2175 et
647 2137 730 2175 aliis
761 2136 904 2187 inquiri
929 2135 1149 2187 despicique
1175 2135 1443 2173 mandavimus
1468 2148 1645 2186 quaenam
1670 2148 1787 2174 causa

369 2210 435 2235 eos
453 2196 502 2234 ad
520 2195 735 2247 captionem
752 2195 853 2233 hanc
870 2202 1008 2245 praeter
1027 2203 1196 2232 mentem
1212 2203 1399 2241 nostram,
1419 2193 1532 2232 nobis
1549 2206 1628 2232 non
1641 2193 1786 2242 juben-

369 2255 492 2303 tibus,
518 2254 756 2306 impulisset,
779 2254 819 2291 hi
850 2252 1021 2305 profecto
1046 2253 1358 2304 respondendum
1383 2254 1598 2301 duxerunt,
1631 2266 1672 2291 se
1696 2266 1787 2305 pro-

369 2325 501 2368 pterea
525 2315 575 2354 ad
606 2315 714 2353 illam
741 2322 881 2352 tractos
910 2313 1163 2363 incitatosque
1190 2313 1326 2361 fuisse,
1356 2313 1461 2365 quod
1491 2320 1623 2365 gentes
1649 2321 1787 2352 vestrae

369 2384 502 2414 contra
520 2383 669 2413 nostras
687 2375 728 2412 in
744 2387 838 2426 agro
856 2381 989 2411 nostro
1006 2373 1231 2412 Rossilionis
1247 2387 1288 2412 se
1303 2373 1534 2422 injecerant3
1554 2388 1573 2407 τι
1596 2380 1633 2412 et
1649 2372 1676 2410 il
1696 2386 1788 2411 con-

370 2435 476 2472 tinue
495 2448 562 2472 sur
579 2447 622 2472 ce
643 2443 723 2482 ton,
747 2440 907 2471 mettant
925 2432 1021 2469 dans
1040 2432 1077 2470 la
1098 2431 1250 2470 bouche
1278 2431 1327 2470 de
1347 2446 1415 2471 son
1441 2430 1685 2471 vice-amira!
1706 2440 1787 2470 tout

369 2507 413 2532 ce
431 2493 524 2544 qu’il
551 2492 654 2532 avait
678 2492 727 2530 de
748 2492 868 2544 griefs
891 2500 1025 2529 contre
1048 2491 1083 2529 le
1110 2491 1170 2530 roi
1189 2491 1237 2529 de
1262 2491 1395 2540 Sicile,
1422 2492 1593 2529 finissant
1615 2504 1686 2542 par
1702 2491 1787 2530 dire

369 2553 464 2604 qu'il
483 2552 587 2591 avait
603 2551 778 2589 ordonne
802 2551 839 2589 la
863 2549 1100 2598 restitution‚
1122 2558 1159 2589 et
1183 2550 1276 2600 qu'il
1299 2549 1483 2602 comptait
1505 2563 1572 2588 sur
1599 2549 1637 2588 la
1658 2549 1787 2588 conti-

369 2612 531 2651 nuation
553 2611 619 2649 des
643 2610 742 2649 bons
756 2610 980 2649 sentiments
1001 2622 1077 2660 que
1099 2609 1176 2647 don
1193 2609 1370 2648 Fernand
1395 2609 1449 2647 lui
1469 2608 1573 2648 avait
1590 2609 1783 2660 marques.

371 2674 469 2723 Voy.
490 2669 708 2721 D’Achet'y,
728 2672 996 2721 Spicilegium‚
1022 2676 1050 2706 t.
1072 2671 1150 2716 111,
1172 2682 1212 2720 p.
1233 2669 1324 2707 844.

426 2733 464 2768 1.
506 2732 613 2769 Cette
638 2729 752 2781 paix,
784 2728 851 2779 qui
880 2727 1013 2766 n’etait
1038 2739 1114 2779 que
1145 2726 1427 2778 preliminaire,
1465 2727 1523 2765 fut
1557 2726 1719 2765 conclue
1749 2726 1786 2766 le

374 2793 422 2833 19
443 2789 661 2842 septembre
679 2797 718 2828 et
735 2788 952 2841 Perpignan
973 2788 1116 2826 evanue
1135 2787 1173 2826 le
1193 2789 1242 2825 30
1260 2786 1311 2825 du
1335 2788 1463 2825 meme
1487 2786 1597 2826 mois.

426 2851 463 2887 Ξ.
497 2849 675 2900 Chapitre
696 2847 828 2902 publie'
847 2847 942 2886 dans
961 2847 1233 2898 l’Amplissima
1250 2848 1434 2894 collectio,
1455 2854 1483 2884 t.
1506 2848 1572 2894 IV,
1592 2845 1665 2885 col.
1690 2847 1781 2883 ⁷6⁴.

2044 3133 2048 3140 ⁴
2042 3030 2054 3126 zon-02⁶¹
2044 3000 2054 3023 -·0-
