2054 3470
446 297 522 333 286
806 299 1146 336 HISTORIARUM
1174 299 1410 338 LUDOVICI
1436 301 1492 337 XI

447 387 616 443 mum',
647 385 842 433 demum
871 388 1011 434 etiam
1038 404 1096 433 ex
1117 389 1435 448 conventione
1455 404 1567 435 cum
1593 389 1733 437 fratre
1766 389 1851 436 ha-

447 462 559 522 bita,
576 463 665 510 sibi
677 463 843 514 deberi
859 481 1088 529 suamque
1103 466 1213 523 sore
1226 466 1430 513 dicebat.
1456 467 1596 530 Atqui
1618 467 1852 532 profecto,

448 558 546 588 non
559 541 620 588 ad
634 557 737 589 eam
753 542 903 589 solam
917 543 1307 607 recuperandam,
1323 543 1406 590 sed
1419 543 1480 590 ad
1494 543 1660 590 altiora
1674 543 1856 591 ambire

448 635 474 665 a
497 619 713 684 plurimis
746 620 1021 684 putabatur.
1061 622 1169 668 Sese
1193 637 1411 685 quoque,
1445 631 1497 668 ut
1521 621 1581 668 de
1602 623 1807 687 acceptis
1828 637 1857 669 a

448 712 558 759 rege
582 697 763 760 injuriis
786 697 946 744 ulcisci
967 707 1141 761 posset,
1163 698 1513 761 vigilantissime
1537 699 1854 763 praeparabat3

449 790 537 821 nec
563 774 765 822 dubium
785 774 1053 821 habebatur
1077 776 1192 838 quin
1209 812 1220 833 ,
1248 776 1286 822 si
1306 765 1543 840 superstes
1564 777 1613 822 in
1638 775 1859 823 humanis

449 853 718 913 mansisset,
743 853 882 899 tantis
902 853 1061 900 fuisset
1083 853 1263 900 auxiliis
1284 854 1490 917 adjutus,
1515 855 1648 919 quod
1667 855 1859 902 fratrem

451 945 591 976 suum
620 929 681 976 ad
723 928 1042 977 exhibendam
1072 929 1163 977 sibi
1200 931 1434 978 rationem
1464 932 1538 978 vel
1569 933 1794 991 invitum,
1821 932 1861 978 si

451 1006 546 1052 ulla
567 1006 644 1052 via
666 1007 924 1071 potuisset,
950 1006 1239 1053 adduxisset.

516 1083 609 1130 Sed
651 1100 763 1130 cum
804 1083 904 1146 ejus
937 1083 1185 1130 molimina
1222 1093 1269 1130 et
1299 1094 1521 1146 conatus,
1558 1085 1733 1148 quibus
1761 1086 1861 1149 jam

454 1160 613 1225 plures
650 1178 675 1208 e
707 1160 965 1225 majoribus
1000 1162 1049 1206 in
1085 1160 1371 1225 obsequium
1401 1179 1543 1208 suum
1579 1162 1859 1226 pellexerat,

454 1239 650 1285 minime
693 1255 851 1301 regem
891 1238 1107 1298 laterent,
1155 1238 1697 1303 periculosissimamque
1722 1239 1863 1287 statui

452 1332 540 1362 suo
591 1315 872 1379 intelligeret
916 1317 1035 1362 strui
1078 1316 1532 1364 confoederationem
1551 1354 1563 1376 ,
1606 1318 1732 1382 ipse,
1779 1318 1863 1382 qui

454 1393 599 1439 nimia
622 1410 810 1458 semper
832 1393 1046 1456 flagravit
1076 1394 1336 1458 cupiditate
1359 1393 1670 1451 dominandi,
1711 1403 1864 1442 tanta-

454 1487 548 1534 que
580 1469 667 1535 [ut]
700 1470 751 1516 in
771 1470 917 1534 ipsius
945 1471 1107 1517 animo
1130 1486 1318 1535 semper
1339 1470 1494 1517 laudis
1525 1480 1571 1517 et
1601 1471 1864 1534 gloriae'su-

453 1548 627 1612 perarit
672 1556 813 1611 atque
846 1547 1099 1595 obduxerit
1124 1557 1171 1594 et
1209 1547 1574 1648 quodammodo
1595 1548 1866 1595 exstinxerit

455 1625 746 1690 appetitum,
784 1641 883 1671 non
906 1641 1077 1671 curans
1102 1624 1141 1671 si
1171 1625 1293 1671 veri²
1324 1634 1371 1671 et
1407 1625 1590 1672 virtutis
1615 1625 1689 1672 via
1711 1621 1865 1690 (quod

454 1717 623 1748 eorum
642 1701 892 1767 proprium
915 1711 1001 1761 est,
1026 1702 1076 1748 in
1104 1701 1278 1765 quibus
1308 1700 1462 1748 laudis
1496 1711 1542 1748 et
1570 1701 1730 1765 gloriae
1748 1718 1866 1766 prae-

455 1777 578 1825 valet
601 1779 874 1843 appetitus),
900 1796 982 1827 seu
1006 1779 1128 1827 dolis
1156 1789 1203 1826 et
1234 1778 1424 1826 fallaciis
1457 1779 1686 1826 niteretur
1714 1778 1866 1842 (quod

456 1857 738 1919 ignavorum
766 1867 812 1904 et
834 1874 1091 1922 pravorum
1112 1875 1213 1905 esse
1236 1858 1399 1920 solet),
1424 1856 1690 1903 dummodo
1713 1855 1867 1903 ambi-

456 1942 557 1979 tum
577 1943 719 1998 atque
741 1931 1069 1999 concupitum,
1089 1934 1513 1998 qualibuscumque
1529 1933 1709 1980 artibus
1723 1943 1867 1997 atque

458 2011 714 2058 sceleribus
747 2013 822 2059 vel
861 2022 1211 2076 assequeretur,
1251 2012 1321 2059 vel
1359 2012 1584 2059 retineret
1626 2012 1868 2077 principa-

459 2098 585 2149 tum,
611 2089 777 2136 volens
805 2089 959 2136 fratris
980 2091 1052 2137 sui
1078 2090 1308 2137 obsistere
1338 2089 1589 2137 conatibus
1610 2089 1868 2155 eumdem-

458 2183 551 2231 que
567 2166 724 2231 impiis
746 2167 948 2214 nimium
968 2177 1109 2231 atque
1131 2166 1367 2214 sceleratis
1389 2166 1570 2214 actibus
1589 2167 1865 2231 praevenire,

459 2243 518 2291 de
549 2244 894 2307 exstinguendo
929 2244 1155 2292 eumdem
1186 2244 1438 2292 dominum
1469 2243 1690 2291 Carolum
1724 2259 1870 2291 vene-

459 2321 568 2369 ficio
584 2322 826 2385 cogitavit.

524 2400 748 2464 Corrupit
775 2400 903 2446 enim
931 2399 1054 2446 duos
1087 2399 1148 2447 de
1169 2399 1382 2463 ejusdem
1413 2399 1565 2446 fratris
1585 2398 1658 2445 sui
1679 2397 1870 2445 domes-

463 2478 584 2538 ticis,
609 2478 691 2542 qui
715 2494 812 2542 prae
839 2477 1015 2525 caeteris
1038 2477 1262 2525 omnibus
1291 2477 1335 2524 ei
1362 2476 1611 2524 Familiares
1633 2485 1792 2536 erant,
1823 2486 1870 2523 et

516 2618 555 2656 1.
586 2615 624 2654 Si
643 2623 741 2653 cette
770 2614 997 2666 disposition
1027 2622 1083 2652 est
1111 2613 1248 2662 reelle,
1277 2613 1351 2651 elle
1373 2612 1464 2651 erait
1489 2614 1613 2651 restee
1642 2614 1665 2650 a
1690 2612 1794 2651 l'etat
1820 2612 1870 2651 de

462 2676 602 2728 projet,
621 2687 687 2713 car
708 2674 743 2712 le
760 2674 891 2726 prince
903 2704 914 2723 ,
931 2674 984 2711 du
1002 2674 1136 2712 vivant
1151 2673 1200 2711 de
1216 2686 1287 2711 son
1307 2673 1428 2721 frere,
1448 2672 1555 2710 n’eut
1572 2672 1613 2710 ni
1629 2672 1666 2710 la
1681 2675 1868 2711 Normnn-

465 2733 546 2784 die,
567 2734 608 2773 ni
626 2746 753 2773 aucun
771 2742 882 2772 autre
901 2746 1087 2785 apanage.
1109 2735 1208 2784 Voy.
1233 2732 1435 2779 ci-dessus,
1455 2746 1496 2784 p.
1518 2733 1614 2781 10⁰,
1635 2745 1676 2773 n.
1699 2735 1736 2770 4.

516 2796 556 2832 2.
587 2797 682 2831 Vere
700 2793 795 2831 dans
814 2793 849 2831 le
869 2806 941 2831 ms.
