2054 3470
784 368 928 405 LIBER
956 367 1140 406 PRIMUS
1147 396 1156 405 .
1628 365 1672 402 31

261 462 352 510 bus
381 471 429 509 et
454 459 633 507 caeteris
661 457 888 523 gradibus
920 474 1004 504 seu
1031 455 1195 523 patriae
1224 453 1440 513 statibuS,
1467 453 1532 501 ob
1564 455 1677 501 novi

261 539 384 603 regis
413 539 700 601 ingressum,
733 536 816 582 illo
846 533 1224 597 convenerant),
1256 548 1315 578 eo
1346 531 1479 596 quod
1509 547 1679 579 eorum

263 614 508 680 provincia
543 628 690 660 onere
730 611 1020 658 tributorum
1053 609 1162 675 plus
1199 609 1381 656 caeteris
1417 607 1678 655 Galliarum

263 692 517 759 provinciis
539 700 828 756 gravaretur,
855 707 905 737 se
934 691 981 737 in
1007 706 1159 736 unum
1183 688 1485 751 colligentes,
1517 703 1678 750 regem

262 770 495 830 adierunt,
517 778 752 833 quatenus
769 768 899 833 piam
919 766 1213 814 voluntatem
1236 782 1388 824 suam,
1415 780 1562 829 quam
1579 765 1679 828 jam

262 854 311 900 in
329 852 544 918 pluribus
565 851 683 899 locis
703 850 1049 909 manifestarat,
1075 849 1358 896 continuare
1380 858 1523 913 atque
1545 848 1683 895 effec-

263 930 332 976 tui
354 928 582 976 mandare
604 927 763 988 vellet,
786 943 1018 991 suamque
1037 926 1354 992 provinciam,
1381 942 1489 990 quae
1507 927 1685 974 caeteris

264 1007 519 1072 provinciis
538 1006 671 1070 regni
697 1006 911 1069 graviore
934 1005 1224 1053 tributorum
1248 1003 1463 1069 pondere
1486 1014 1685 1052 onerata

263 1094 406 1144 esset,
435 1083 706 1145 sublevare,
733 1092 878 1148 atque
906 1082 1067 1148 patriae
1094 1082 1287 1145 antiqua
1311 1081 1556 1147 privilegia
1580 1099 1685 1147 quae

263 1162 406 1227 vulgo
426 1182 448 1207 α
464 1165 652 1210 Cartam
676 1164 1067 1209 Normannomm
1090 1179 1113 1204 n
1137 1159 1396 1226 appellant,
1422 1160 1687 1208 instaurare

264 1248 310 1287 et
331 1255 612 1287 conservare
640 1239 823 1287 eisdem
850 1239 1146 1302 dignaretur,
1180 1237 1519 1303 supplicantes.
1548 1241 1688 1296 Quos

264 1333 345 1364 rex
366 1316 555 1365 blandis
577 1317 811 1365 allocutus
844 1316 1166 1378 sermonibus,
1193 1317 1259 1364 eis
1281 1315 1521 1382 pollicitus
1544 1327 1615 1364 est
1638 1333 1688 1365 se

265 1394 385 1443 velle
423 1396 690 1443 contentari
732 1395 900 1443 tollere
935 1405 1077 1459 atque
1115 1394 1309 1442 abolere
1342 1404 1440 1442 tam
1482 1394 1689 1458 gabellas

267 1473 377 1520 salis
408 1489 552 1537 quam
579 1483 806 1536 quartum
830 1473 1079 1520 denarium
1103 1474 1379 1538 potionum¹
1402 1490 1508 1537 quae
1540 1474 1588 1520 in
1619 1483 1688 1521 ta-

267 1549 428 1597 bernis
457 1549 774 1610 venduntur¹‚
806 1550 946 1597 simul
970 1567 1081 1597 cum
1101 1551 1406 1615 impositione
1436 1568 1521 1598 seu
1553 1551 1688 1599 dacia

268 1626 481 1673 vicesimi
497 1626 679 1674 denarii
701 1644 806 1691 quae
822 1627 882 1674 de
899 1627 1124 1675 omnibus
1137 1628 1437 1675 commerciis
1459 1639 1505 1675 et
1528 1629 1691 1676 vendi-

269 1702 479 1750 tionibus
487 1703 785 1765 ‘exsolviturffi
797 1704 944 1752 modo
957 1721 1195 1753 summam
1209 1705 1536 1771 dependerent
1546 1723 1689 1770 quam

270 1781 393 1844 patri
415 1797 502 1827 suo
522 1780 792 1842 solvebant3
824 1782 958 1846 cujus
981 1782 1192 1830 levandae
1209 1793 1256 1830 et
1275 1783 1570 1847 colligendae,
1591 1800 1689 1831 me·

270 1855 387 1904 liore
403 1867 546 1921 atque
566 1858 771 1906 faciliore
788 1859 937 1906 modo
959 1876 1104 1925 quem
1124 1860 1211 1925 ipsi
1232 1860 1355 1907 inter
1370 1877 1419 1908 se
1436 1862 1691 1926 concipere

269 1947 324 1979 ac
346 1934 619 1998 prospicere
646 1944 863 2000 possent,
891 1945 940 1982 et
963 1952 1050 2001 per
1073 1937 1189 1983 tales
1215 1935 1470 1985 officiarios
1496 1954 1579 1985 seu
1601 1938 1691 1984 mi-

266 2010 442 2058 nistros
478 2028 601 2076 quos
635 2011 698 2059 ad
727 2012 823 2060 hoc
857 2012 1089 2060 ducerent
1125 2014 1455 2080 deputandos,
1496 2015 1693 2063 indulsit

267 2087 450 2135 eisdem
470 2088 758 2137 facultatem.
782 2090 1124 2138 AEstimabatur
1142 2102 1302 2140 autem
1322 2109 1510 2141 summa
1525 2109 1689 2158 quam,

271 2165 530 2213 novissimo
559 2183 713 2226 anno,
744 2177 879 2232 pater
908 2185 1044 2230 suus,
1078 2178 1175 2216 tam
1198 2187 1286 2235 per
1314 2170 1464 2218 tallias
1486 2187 1568 2218 seu
1593 2170 1692 2227 col-

270 2241 414 2290 lectas
455 2259 602 2308 quam
643 2261 728 2309 per
771 2244 860 2292 alia
893 2247 1353 2311 praenominatorum
1391 2248 1692 2312 vectigalium

272 2335 470 2382 genera,
501 2321 751 2369 defunctus
778 2339 858 2370 rex
884 2323 934 2369 in
965 2325 1256 2373 Normannia
1281 2325 1519 2373 levaverat
1543 2325 1691 2389 (ultra

269 2394 346 2457 jus
381 2414 521 2445 suum
560 2398 883 2461 ordinarium,
921 2401 1055 2465 quod
1092 2402 1237 2466 vulgo
1285 2403 1568 2451 domanium
1605 2419 1690 2469 ap-

331 2571 368 2607 1.
397 2572 611 2609 Portionum
629 2571 725 2610 dans
743 2572 780 2610 le
799 2585 871 2612 ms.

330 2628 369 2665 Ξ.
404 2645 422 2662 u
438 2631 492 2667 Le
510 2638 625 2682 quart
642 2630 776 2670 denier
802 2632 870 2671 des
891 2632 1068 2672 boissons
1095 2633 1268 2673 vendues
1292 2648 1343 2674 au
1367 2635 1504 2684 detail,
1525 2654 1542 2670 n
1570 2636 1692 2687 impet

280 2685 382 2734 eree,
399 2699 451 2725 ou
470 2688 522 2726 du
539 2690 663 2728 moins
681 2692 791 2742 porte
810 2695 831 2730 a
850 2706 894 2731 ce
914 2693 1049 2733 chiffre
1072 2694 1292 2735 exorbitant
1308 2709 1379 2747 par
1396 2696 1554 2735 Charles
1567 2699 1650 2735 VII.

334 2746 373 2784 3.
407 2763 424 2780 u
441 2747 703 2799 L’imposition
722 2765 773 2790 ou
797 2751 890 2791 dace
910 2753 964 2791 du
982 2754 1192 2806 vingtieme
1211 2755 1347 2795 denier
1363 2756 1431 2807 qui
1448 2770 1488 2795 se
1508 2769 1606 2808 paye
1624 2769 1692 2794 sur

283 2811 404 2873 tontes
421 2804 476 2843 les
490 2805 671 2846 denrees.
692 2826 708 2843 »-
732 2810 832 2849 C'est
862 2825 907 2850 ce
934 2816 1052 2863 qu'on
1083 2814 1253 2865 appelait
1275 2815 1336 2853 ‚les
1362 2816 1604 2867 impositions
1629 2815 1691 2853 fo-

281 2878 423 2907 rameS.
