2054 3470
379 347 454 382 342
683 347 687 351 '
741 348 1080 385 HISTORIARUM
1106 349 1341 386 LUDOVICI
1369 349 1425 385 XI

377 450 579 498 suasque
597 444 744 482 terras
766 435 998 500 impetum
1019 434 1316 502 facientibus,
1335 437 1436 501 ipse
1456 453 1545 484 nec
1565 435 1785 495 evadere,

377 526 466 557 nec
487 510 713 574 effugium
738 511 898 576 aliquo
921 513 970 558 in
993 512 1103 559 loco
1119 511 1297 560 habere
1317 524 1494 578 posset.

442 587 635 634 Interim
672 597 856 644 autem,
907 587 1268 635 decurrentibus
1309 588 1467 635 adhuc
1509 588 1789 651 hujusmodi

376 665 549 728 treugis
566 701 579 724 ,
616 681 696 711 rex
719 668 1010 712 Francorum
1043 665 1278 712 laboravit
1299 665 1388 712 sibi
1416 666 1632 730 subigere
1656 666 1791 730 oppi-

375 742 493 789 dum
516 743 803 807 Perpiniani,
826 743 1198 806 nonnullosque,
1230 745 1310 807 qui
1336 743 1396 790 ab
1420 760 1477 790 eo
1501 743 1787 801 defecerant,

374 820 422 866 in
447 819 749 866 comitatibus
773 819 1049 866 Rossilionis
1078 829 1125 865 et
1146 820 1413 881 Ceritaniae,
1440 821 1490 867 in
1525 819 1786 867 Catalonia.

375 898 509 954 Quos
528 896 744 960 quidem,
771 896 914 942 missa
928 895 1043 942 illuc
1065 913 1239 959 magna
1258 906 1390 961 parte
1411 913 1604 944 suarum
1628 899 1790 961 copia-

375 990 509 1033 rum,
553 973 731 1038 absque
766 990 942 1037 magno
975 974 1168 1037 negotio
1201 974 1261 1021 ad
1293 974 1586 1021 deditionem
1610 975 1787 1038 coegit,

376 1051 610 1116 impositis
632 1052 716 1112 eis,
744 1067 861 1115 quas
882 1051 1050 1111 voluit,
1070 1051 1268 1115 legibus.
1293 1054 1355 1097 Ex
1373 1051 1616 1099 nobilibus
1633 1060 1791 1100 autem

375 1138 510 1175 terrae
528 1138 573 1175 et
595 1128 687 1189 his,
714 1129 797 1193 qui
814 1128 1086 1175 rebellionis
1108 1138 1328 1175 auctores
1344 1128 1483 1175 fuisse
1500 1127 1788 1186 serebantur,

376 1206 502 1271 capti
531 1205 660 1253 bello
688 1205 848 1270 plures
883 1207 1038 1272 puniti
1064 1206 1283 1264 fuerunt,
1325 1206 1387 1253 ad
1417 1206 1535 1253 alios
1569 1206 1794 1253 edoman-

380 1283 469 1329 dos
482 1286 509 1329 ¹.
1677 1346 1680 1350 ἢ

439 1361 666 1415 ,Similiter
704 1361 870 1420 etiam,
908 1376 1019 1407 cum
1056 1358 1342 1425 oppidulum
1376 1359 1621 1424 quoddam
1656 1377 1796 1426 supra

377 1439 530 1503 ripam
555 1439 730 1498 Rheni,
758 1440 882 1486 inter
908 1439 1160 1485 Coloniam
1183 1449 1230 1485 et
1251 1438 1644 1498 Confluentiam',
1676 1456 1798 1487 nun-

378 1525 606 1580 cupatum
646 1518 798 1576 Linz³‚
834 1517 1077 1581 pertinens
1099 1516 1460 1581 archiepiscopo
1495 1515 1793 1575 Coloniensi,

379 1592 576 1639 haberet
615 1593 831 1658 praesidi‘a
864 1594 1051 1640 circiter
1082 1593 1546 1657 quadringentorum
1587 1587 1799 1658 Burgun-

379 1670 610 1732 dionum,
658 1688 763 1735 quae
785 1681 1109 1718 commeatum
1133 1688 1337 1718 annonae
1361 1670 1693 1718 descendentis
1709 1689 1798 1737 per

383 1748 599 1796 Rhenum
636 1750 887 1796 Coloniam
903 1787 915 1810 ,
966 1766 1255 1813 cursumque
1298 1749 1492 1795 navium
1535 1748 1797 1813 plurimum

380 1828 666 1892 impedirent
691 1838 833 1892 atque
855 1829 1148 1886 infestarent,
1167 1827 1229 1875 ad
1250 1827 1329 1874 illa
1346 1824 1692 1891 'impedimenta
1703 1825 1796 1873 tol-

380 1902 523 1951 lenda
556 1904 666 1951 fecit
699 1905 958 1969 imperator
984 1921 1070 1968 per
1108 1903 1437 1950 marchionem
1465 1902 1525 1948 de
1557 1901 1797 1948 Branden-

380 1980 526 2045 barg‘
553 1990 600 2028 et
630 1981 748 2029 alios
783 1982 1024 2046 principes
1056 1982 1213 2045 ipsum
1248 1979 1471 2026 obsideri.
1513 1979 1656 2042 Cujus
1686 1995 1798 2026 cum

382 2059 556 2105 moenia
590 2068 636 2105 et
664 2059 1025 2123 propugnacula
1058 2058 1372 2123 petrariarum
1410 2055 1580 2103 ictibus
1617 2056 1798 2120 dejecta

381 2137 591 2196 fuissent,
621 2135 803 2183 obsessi
825 2136 1120 2183 deditionem
1146 2135 1374 2182 fecerunt.
1398 2135 1490 2199 Ipsi
1514 2151 1647 2194 ver0,
1671 2134 1798 2195 obsi-

382 2213 526 2260 dione
543 2212 764 2273 durante,
787 2230 902 2260 cum
918 2223 1074 2260 certus
1096 2229 1325 2259 numerus
1344 2211 1609 2259 incolarum
1631 2211 1798 2276 oppidi

435 2361 453 2396 1
465 2389 474 2399 .
505 2358 598 2396 Voir
627 2358 682 2397 les
714 2358 961 2398 instructions
991 2358 1160 2397 donnees
1191 2372 1242 2397 au
1277 2357 1458 2409 seigneur
1490 2355 1542 2393 du
1568 2354 1795 2408 Bouchage‚

381 2433 482 2473 pour
497 2433 682 2472 arranger
697 2420 753 2465 les
775 2421 909 2459 choses
927 2435 975 2459 en
997 2419 1218 2459 Roussillon
1237 2427 1274 2457 et
1288 2425 1437 2456 surtout
1456 2417 1478 2453 ὲ
1499 2415 1731 2468 Perpignan,
1750 2415 1800 2454 de

381 2479 552 2518 maniere
570 2481 593 2517 a
610 2493 655 2518 ce
673 2480 766 2531 qu'il
785 2484 852 2531 n'y
864 2482 929 2518 eut
944 2481 1030 2532 plus
1047 2478 1356 2518 d'insurrection.
1379 2475 1480 2514 Elles
1496 2482 1582 2513 sont
1599 2475 1728 2513 datees
1745 2474 1798 2513 du

382 2541 433 2577 23
451 2552 552 2578 mars
566 2541 668 2577 1474
682 2541 736 2587 (v.
754 2547 832 2586 st.).
849 2540 1007 2591 Lenglet
1024 2534 1256 2589 D'ufresn0y‚
1277 2540 1499 2584 commines,
1521 2543 1546 2573 t.
1563 2537 1686 2587 111,p.
1705 2537 1793 2576 372.

435 2601 476 2639 2.
506 2597 701 2637 Coblentz.

436 2660 474 2696 3.
505 2660 559 2696 Le
573 2670 664 2695 nom
683 2656 780 2695 n’est
792 2670 860 2709 pas
879 2657 973 2695 dans
994 2657 1029 2695 le
1049 2671 1119 2695 ms.
1138 2659 1160 2695 a
1177 2665 1236 2695 cet
1254 2654 1420 2702 endroit,
1444 2653 1537 2691 mais
1556 2653 1582 2691 it
1603 2666 1644 2692 se
1661 2661 1798 2691 trouve

383 2718 467 2771 plus
483 2718 578 2767 loin,
596 2718 765 2769 quoique
782 2732 834 2755 un
852 2732 926 2769 peu
940 2718 1132 2769 ,defigure.
1153 2720 1198 2756 Je
1215 2718 1250 2756 le
1271 2716 1427 2755 restitue
1449 2714 1601 2767 d'apres
1615 2714 1773 2752 Molinet
1786 2743 1795 2760 ,

383 2778 408 2816 1.
432 2781 465 2825 1,
488 2792 524 2819 c.
545 2772 618 2827 xxi,
633 2786 671 2816 et
689 2777 837 2818 Olivier
857 2777 905 2815 de
927 2781 982 2816 La
1002 2777 1171 2826 Marche,
1190 2777 1217 2818 1,
1238 2780 1291 2825 ΙΙ,
1317 2790 1349 2814 c.
1377 2790 1438 2815 111.

360 2839 364 2843 ”
437 2840 473 2875 4.
507 2837 655 2887 Albert,
678 2837 846 2888 marquis
867 2836 1224 2888 de‘Brandeboui-g.
