2054 3470
724 347 870 385 LIBER
895 348 1117 385 TERTIUS.
1555 347 1632 384 275

219 439 348 501 gium
371 437 487 485 illud
504 437 886 501 jurisperitorum
906 437 1083 501 poterit
1112 435 1325 500 adaptari
1355 453 1366 481 :
1402 456 1424 479 «
1449 435 1523 483 Nil
1550 439 1630 482 Ju-

220 515 348 562 daeus
390 514 580 574 Judaeo,
615 513 681 561 nil
720 513 918 561 dolosus
955 512 1151 573 doloso,
1195 513 1262 560 nil
1301 513 1504 561 Catilina
1546 515 1633 560 Ce-

220 591 402 655 thego¹.
423 610 446 635 »
1178 598 1181 600 ’

287 671 504 715 Manente
526 677 686 715 autem
715 666 874 715 adhuc
912 666 1306 731 Burgundionum
1332 667 1454 714 duce
1481 667 1531 713 in
1556 682 1639 715 ca—

221 745 327 791 stris
368 754 451 792 aut
490 744 564 791 vel
611 745 737 791 circa
775 743 946 792 urbem
995 744 1361 792 Ambianensem
1379 781 1391 805 ‚
1441 744 1638 791 minime

221 820 379 870 adhuc
414 823 590 869 sciente
636 821 896 885 quamdam
935 832 1183 887 rupturam
1199 824 1229 882 ²,
1277 838 1422 886 quam
1467 822 1541 868 sui
1589 822 1639 868 in

222 895 523 959 Burgundia‚
563 896 688 943 circa
722 897 1072 957 Matisconam³‚
1106 906 1389 961 acceperant
1417 912 1444 942 a
1477 895 1642 943 militia

221 973 343 1037 regis
363 976 674 1035 Francorum,
702 990 813 1021 cum
836 973 1052 1021 eamdem
1073 973 1164 1021 sibi
1187 991 1291 1033 rex,
1325 973 1468 1021 veluti
1491 989 1546 1024 ea
1568 990 1643 1021 res

221 1048 481 1116 plurimum
501 1051 590 1098 sibi
620 1061 784 1100 moesta
811 1051 931 1098 foret
948 1088 959 1110 ‚
990 1060 1186 1116 propter
1211 1067 1378 1098 necem
1410 1067 1643 1115 quorum-

223 1127 336 1175 dam
376 1129 457 1192 qui
494 1126 606 1176 illuc
637 1129 882 1194 perempti,
908 1128 1132 1187 fuerant‘‚
1173 1145 1259 1193 per
1293 1129 1497 1175 ironiam
1536 1127 1646 1174 inti-

225 1205 451 1252 mandam
482 1205 717 1263 duxisset‚
744 1205 891 1252 fertur
919 1207 1061 1253 etiam
1078 1242 1090 1265 ‚
1117 1206 1271 1253 vicem
1298 1205 1507 1253 referens
1546 1215 1647 1253 arte

225 1282 479 1341 consimili,
504 1283 604 1348 ipse
627 1283 1022 1346 Burgundionum
1048 1283 1145 1331 dux
1171 1283 1261 1331 sibi
1294 1283 1434 1330 amici
1456 1283 1526 1329 sui
1562 1299 1647 1329 co-

229 1361 353 1408 mitis
381 1361 443 1408 de
478 1361 701 1408 Warvc'clz
741 1378 964 1408 occasum
996 1363 1262 1421 nuntiasse,
1296 1361 1358 1409 de
1388 1378 1488 1426 quo
1519 1378 1643 1408 non-

229 1437 346 1484 dum
366 1455 450 1485 rex
472 1439 571 1503 ipse
596 1448 780 1485 certum
804 1440 1025 1486 nuntium
1047 1449 1311 1504 acceperat.

293 1515 437 1573 Quod
458 1525 618 1563 autem
637 1515 786 1563 fauste
803 1516 1092 1579 feliciterque
1110 1532 1184 1563 res
1205 1516 1412 1563 Edoardi
1429 1514 1648 1563 secundae

229 1593 319 1658 ipsi
344 1591 735 1657 Burgundionum
766 1580 876 1640 duci
904 1593 1232 1658 provenerint,
1258 1594 1544 1658 quantisque
1574 1593 1651 1658 ip-

229 1686 334 1716 sum
365 1669 677 1717 subduxerint
709 1670 929 1735 periculis
969 1680 1112 1735 atque
1154 1671 1313 1730 malis,
1355 1670 1651 1734 superfluum

231 1746 516 1794 arbitramur
542 1747 593 1794 id
622 1747 783 1794 multis
805 1748 1106 1795 sermonibus
1134 1748 1353 1795 intimare
1368 1785 1380 1806 ,
1402 1764 1513 1794 cum
1536 1764 1651 1813 pro-

231 1824 354 1871 fecto
378 1841 478 1871 non
502 1841 582 1872 eas
605 1825 752 1889 magis
783 1826 871 1889 ipsi
902 1825 1152 1886 Edoardo,
1183 1841 1328 1890 quam
1357 1824 1512 1872 eidem
1541 1825 1653 1872 duci

230 1900 515 1948 secundasse
537 1910 775 1965 putemus.
801 1904 852 1947 In
884 1918 982 1965 quo
1006 1902 1118 1949 satis
1142 1901 1443 1949 manifestum
1471 1902 1654 1949 cunctis

232 1979 407 2026 factum
430 1979 516 2026 fuit
539 1978 816 2026 mirabiliter
841 1980 922 2026 Dei
947 1978 1248 2026 clementiam
1271 1989 1413 2044 atque
1430 1978 1654 2042 benigni-

232 2065 377 2103 tatem
402 2057 492 2121 ipsi
517 2057 795 2120 Burgundiae
816 2057 1007 2115 domui,
1034 2058 1102 2104 uti
1128 2057 1240 2105 alias
1262 2074 1406 2123 saepe,
1438 2058 1504 2105 sic
1524 2066 1571 2104 et
1603 2058 1650 2104 in

233 2131 308 2179 his
325 2132 601 2197 procellosis
623 2133 915 2180 consuluisse
939 2133 1298 2198 tempestatibus
1320 2143 1366 2181 et
1392 2134 1654 2181 misericor·

233 2210 425 2258 dissime
445 2212 751 2271 succurrisse3
769 2228 873 2275 quae
891 2212 1055 2276 procul
1073 2211 1224 2258 dubio
1249 2211 1443 2259 totalem
1463 2211 1651 2260 ruinam

234 2298 376 2353 atque
397 2289 758 2336 exstinctionem
780 2289 990 2336 subitura
1007 2299 1192 2354 poterat
1207 2289 1448 2350 aestimari,
1471 2289 1511 2336 si
1528 2305 1647 2350 non,

237 2375 404 2430 praeter
429 2367 647 2415 omnium
678 2367 951 2414 mortalium
982 2383 1144 2432 spem,
1173 2377 1270 2414 tam
1304 2366 1502 2414 mirifice
1530 2377 1651 2414 tam-

294 2490 333 2526 1.
363 2488 537 2528 Allusion
561 2491 584 2527 a
608 2490 775 2541 quelque
802 2489 907 2542 glose
933 2489 981 2528 de
1002 2489 1292 2540 jurisconsulte‚
1321 2491 1415 2529 dont
1438 2491 1474 2529 le
1498 2490 1654 2529 dernier

240 2556 361 2586 terme
380 2549 550 2601 rappelle
570 2550 607 2588 le
625 2563 714 2589 vers
733 2549 782 2588 de
799 2549 965 2589 Juvenal
982 2564 991 2585 t
1014 2552 1166 2589 Clodius
1184 2560 1331 2588 accuset
1346 2552 1504 2590 moeclzos
1515 2581 1526 2599 ,
1548 2553 1653 2589 Cati-

243 2609 322 2644 lina
341 2608 548 2658 Cethegum.

295 2667 334 2704 2.
364 2657 592 2717 Equivalent
609 2667 661 2706 du
676 2677 758 2706 mot
781 2668 944 2719 francais
962 2670 1129 2710 de'route.

298 2727 334 2763 3.
367 2729 399 2762 Α
416 2728 536 2777 Bussy
555 2740 604 2765 en
620 2728 894 2776 Beaujolaisda
920 2736 1004 2780 sept
1021 2728 1140 2768 lieues
1163 2729 1211 2768 de
1228 2731 1380 2770 Macon.
1410 2724 1416 2731 ’

298 2785 336 2820 4.
366 2786 547 2822 L'auteur
573 2786 734 2834 revient‚
757 2789 778 2823 a
798 2787 835 2824 la
855 2787 907 2824 fin
932 2787 985 2826 du
1008 2787 1194 2839 chapitre‚
1226 2802 1292 2827 sur
1319 2797 1417 2827 cette
1436 2801 1574 2841 guerre
1605 2787 1654 2826 de

246 2845 487 2895 Bourgogne.
