<?xml version="1.0" encoding="UTF-8"?>
<!DOCTYPE html PUBLIC "-//W3C//DTD XHTML 1.0 Transitional//EN"
    "http://www.w3.org/TR/xhtml1/DTD/xhtml1-transitional.dtd">
<html xmlns="http://www.w3.org/1999/xhtml" xml:lang="en" lang="en">
 <head>
  <title>
</title>
<meta http-equiv="Content-Type" content="text/html;charset=utf-8" />
  <meta name='ocr-system' content='tesseract 3.04.00' />
  <meta name='ocr-capabilities' content='ocr_page ocr_carea ocr_par ocr_line ocrx_word'/>
</head>
<body>
  <div class='ocr_page' id='page_1' title='image "./histoiredesrgn02basiuoft_0276.png"; bbox 0 0 2054 3470; ppageno 0'>
   <div class='ocr_carea' id='block_1_1' title="bbox 410 342 1466 382">
    <p class='ocr_par' dir='ltr' id='par_1_1' title="bbox 410 342 1466 382">
     <span class='ocr_line' id='line_1_1' title="bbox 410 342 1466 382; baseline 0.001 -3"><span class='ocrx_word' id='word_1_1' title='bbox 410 343 487 380; x_wconf 79' lang='lat'><strong>192</strong></span> <span class='ocrx_word' id='word_1_2' title='bbox 777 342 1119 382; x_wconf 83' lang='lat' dir='ltr'><strong>HISTORIARUM</strong></span> <span class='ocrx_word' id='word_1_3' title='bbox 1145 342 1382 381; x_wconf 87' lang='lat' dir='ltr'>LUDOVICI</span> <span class='ocrx_word' id='word_1_4' title='bbox 1408 344 1466 380; x_wconf 91' lang='lat' dir='ltr'><strong>XI</strong></span> 
     </span>
    </p>
   </div>
   <div class='ocr_carea' id='block_1_2' title="bbox 392 429 1853 2441">
    <p class='ocr_par' dir='ltr' id='par_1_2' title="bbox 403 429 1853 964">
     <span class='ocr_line' id='line_1_2' title="bbox 410 429 1824 496; baseline 0.003 -20"><span class='ocrx_word' id='word_1_5' title='bbox 410 429 669 478; x_wconf 88' lang='lat' dir='ltr'><strong>fidelissimi</strong></span> <span class='ocrx_word' id='word_1_6' title='bbox 703 429 884 494; x_wconf 86' lang='lat' dir='ltr'><strong>absque</strong></span> <span class='ocrx_word' id='word_1_7' title='bbox 916 430 1077 494; x_wconf 87' lang='lat' dir='ltr'><strong>aliquo</strong></span> <span class='ocrx_word' id='word_1_8' title='bbox 1115 447 1283 478; x_wconf 88' lang='lat' dir='ltr'><strong>eorum</strong></span> <span class='ocrx_word' id='word_1_9' title='bbox 1321 440 1518 496; x_wconf 89' lang='lat' dir='ltr'><strong>sumptu</strong></span> <span class='ocrx_word' id='word_1_10' title='bbox 1551 432 1824 481; x_wconf 84' lang='lat' dir='ltr'><strong>exstiterant</strong></span> 
     </span>
     <span class='ocr_line' id='line_1_3' title="bbox 407 508 1824 575; baseline 0.002 -20"><span class='ocrx_word' id='word_1_11' title='bbox 407 525 494 573; x_wconf 88' lang='lat' dir='ltr'><strong>per</strong></span> <span class='ocrx_word' id='word_1_12' title='bbox 517 525 669 557; x_wconf 91' lang='lat' dir='ltr'><strong>annos</strong></span> <span class='ocrx_word' id='word_1_13' title='bbox 692 508 949 575; x_wconf 86' lang='lat' dir='ltr'><strong>plurimos,</strong></span> <span class='ocrx_word' id='word_1_14' title='bbox 983 508 1140 556; x_wconf 90' lang='lat' dir='ltr'><strong>donec</strong></span> <span class='ocrx_word' id='word_1_15' title='bbox 1162 509 1275 574; x_wconf 90' lang='lat' dir='ltr'><strong>ipsi,</strong></span> <span class='ocrx_word' id='word_1_16' title='bbox 1311 509 1439 558; x_wconf 89' lang='lat' dir='ltr'><strong>velut</strong></span> <span class='ocrx_word' id='word_1_17' title='bbox 1468 509 1601 556; x_wconf 89' lang='lat' dir='ltr'><strong>furiis</strong></span> <span class='ocrx_word' id='word_1_18' title='bbox 1627 509 1824 574; x_wconf 87' lang='lat' dir='ltr'><strong>quibus-</strong></span> 
     </span>
     <span class='ocr_line' id='line_1_4' title="bbox 407 586 1824 652; baseline 0.001 -18"><span class='ocrx_word' id='word_1_19' title='bbox 407 586 520 635; x_wconf 86' lang='lat' dir='ltr'><strong>dam</strong></span> <span class='ocrx_word' id='word_1_20' title='bbox 545 587 729 651; x_wconf 87' lang='lat' dir='ltr'><strong>agitati,</strong></span> <span class='ocrx_word' id='word_1_21' title='bbox 756 596 803 634; x_wconf 92' lang='lat' dir='ltr'><strong>et</strong></span> <span class='ocrx_word' id='word_1_22' title='bbox 825 603 909 652; x_wconf 88' lang='lat' dir='ltr'><strong>per</strong></span> <span class='ocrx_word' id='word_1_23' title='bbox 931 603 1092 651; x_wconf 88' lang='lat' dir='ltr'><strong>regem</strong></span> <span class='ocrx_word' id='word_1_24' title='bbox 1113 589 1405 634; x_wconf 87' lang='lat' dir='ltr'>Francorum</span> <span class='ocrx_word' id='word_1_25' title='bbox 1422 587 1495 651; x_wconf 88' lang='lat' dir='ltr'><strong>(ut</strong></span> <span class='ocrx_word' id='word_1_26' title='bbox 1511 587 1757 651; x_wconf 90' lang='lat' dir='ltr'><strong>jactabant</strong></span> <span class='ocrx_word' id='word_1_27' title='bbox 1777 597 1824 636; x_wconf 88' lang='lat' dir='ltr'><strong>et</strong></span> 
     </span>
     <span class='ocr_line' id='line_1_5' title="bbox 405 664 1823 730; baseline 0 -17"><span class='ocrx_word' id='word_1_28' title='bbox 405 666 707 713; x_wconf 87' lang='lat' dir='ltr'><strong>verissimum</strong></span> <span class='ocrx_word' id='word_1_29' title='bbox 727 664 1011 730; x_wconf 83' lang='lat' dir='ltr'><strong>putabatur)</strong></span> <span class='ocrx_word' id='word_1_30' title='bbox 1032 665 1279 726; x_wconf 88' lang='lat' dir='ltr'><strong>concitati,</strong></span> <span class='ocrx_word' id='word_1_31' title='bbox 1307 664 1720 729; x_wconf 86' lang='lat' dir='ltr'><strong>quemadmodum</strong></span> <span class='ocrx_word' id='word_1_32' title='bbox 1742 682 1823 713; x_wconf 92' lang='lat' dir='ltr'><strong>su-</strong></span> 
     </span>
     <span class='ocr_line' id='line_1_6' title="bbox 404 743 1853 809; baseline 0.003 -20"><span class='ocrx_word' id='word_1_33' title='bbox 404 759 493 807; x_wconf 90' lang='lat' dir='ltr'><strong>pra</strong></span> <span class='ocrx_word' id='word_1_34' title='bbox 522 743 792 802; x_wconf 86' lang='lat' dir='ltr'><strong>retulimus,</strong></span> <span class='ocrx_word' id='word_1_35' title='bbox 826 752 1086 807; x_wconf 88' lang='lat' dir='ltr'><strong>eruperunt</strong></span> <span class='ocrx_word' id='word_1_36' title='bbox 1113 753 1282 790; x_wconf 90' lang='lat' dir='ltr'><strong>contra</strong></span> <span class='ocrx_word' id='word_1_37' title='bbox 1309 744 1440 809; x_wconf 90' lang='lat' dir='ltr'><strong>pacis</strong></span> <span class='ocrx_word' id='word_1_38' title='bbox 1470 743 1672 806; x_wconf 82' lang='lat' dir='ltr'><strong>foedera,</strong></span> <span class='ocrx_word' id='word_1_39' title='bbox 1706 743 1823 791; x_wconf 91' lang='lat' dir='ltr'><strong>olim</strong></span> <span class='ocrx_word' id='word_1_40' title='bbox 1849 789 1853 794; x_wconf 88' lang='lat'>.</span> 
     </span>
     <span class='ocr_line' id='line_1_7' title="bbox 404 819 1823 887; baseline 0.001 -19"><span class='ocrx_word' id='word_1_41' title='bbox 404 835 516 868; x_wconf 91' lang='lat' dir='ltr'><strong>cum</strong></span> <span class='ocrx_word' id='word_1_42' title='bbox 545 819 683 868; x_wconf 86' lang='lat' dir='ltr'><strong>dictis</strong></span> <span class='ocrx_word' id='word_1_43' title='bbox 711 829 849 885; x_wconf 90' lang='lat' dir='ltr'><strong>pacta</strong></span> <span class='ocrx_word' id='word_1_44' title='bbox 877 829 925 866; x_wconf 90' lang='lat' dir='ltr'><strong>et</strong></span> <span class='ocrx_word' id='word_1_45' title='bbox 946 820 1102 883; x_wconf 87' lang='lat' dir='ltr'><strong>jurata</strong></span> <span class='ocrx_word' id='word_1_46' title='bbox 1128 820 1446 887; x_wconf 79' lang='lat' dir='ltr'><strong>principibuS,</strong></span> <span class='ocrx_word' id='word_1_47' title='bbox 1478 838 1648 870; x_wconf 88' lang='lat' dir='ltr'><strong>eorum</strong></span> <span class='ocrx_word' id='word_1_48' title='bbox 1675 831 1823 870; x_wconf 86' lang='lat' dir='ltr'><strong>terras</strong></span> 
     </span>
     <span class='ocr_line' id='line_1_8' title="bbox 403 883 1736 964; baseline 0.002 -20"><span class='ocrx_word' id='word_1_49' title='bbox 403 897 512 962; x_wconf 89' lang='lat' dir='ltr'><strong>igne</strong></span> <span class='ocrx_word' id='word_1_50' title='bbox 535 908 583 946; x_wconf 89' lang='lat' dir='ltr'><strong>et</strong></span> <span class='ocrx_word' id='word_1_51' title='bbox 606 897 732 946; x_wconf 89' lang='lat' dir='ltr'><strong>ferro</strong></span> <span class='ocrx_word' id='word_1_52' title='bbox 760 883 1090 945; x_wconf 76' lang='lat' dir='ltr'><strong>miserabiliter</strong></span> <span class='ocrx_word' id='word_1_53' title='bbox 1109 899 1393 964; x_wconf 89' lang='lat' dir='ltr'><strong>populantes</strong></span> <span class='ocrx_word' id='word_1_54' title='bbox 1413 909 1462 947; x_wconf 90' lang='lat' dir='ltr'><strong>et</strong></span> <span class='ocrx_word' id='word_1_55' title='bbox 1482 909 1736 948; x_wconf 87' lang='lat' dir='ltr'><strong>vastantes.</strong></span> 
     </span>
    </p>

    <p class='ocr_par' dir='ltr' id='par_1_3' title="bbox 392 975 1823 2360">
     <span class='ocr_line' id='line_1_9' title="bbox 468 975 1823 1042; baseline 0.001 -19"><span class='ocrx_word' id='word_1_56' title='bbox 468 978 592 1023; x_wconf 91' lang='lat' dir='ltr'><strong>Cum</strong></span> <span class='ocrx_word' id='word_1_57' title='bbox 613 976 743 1023; x_wconf 90' lang='lat' dir='ltr'><strong>enim</strong></span> <span class='ocrx_word' id='word_1_58' title='bbox 760 975 1058 1023; x_wconf 87' lang='lat' dir='ltr'><strong>verissimum</strong></span> <span class='ocrx_word' id='word_1_59' title='bbox 1077 975 1134 1023; x_wconf 91' lang='lat' dir='ltr'><strong>sit</strong></span> <span class='ocrx_word' id='word_1_60' title='bbox 1151 975 1285 1040; x_wconf 94' lang='lat' dir='ltr'><strong>quod</strong></span> <span class='ocrx_word' id='word_1_61' title='bbox 1302 977 1516 1025; x_wconf 88' lang='lat' dir='ltr'><strong>Aurelius</strong></span> <span class='ocrx_word' id='word_1_62' title='bbox 1535 977 1823 1042; x_wconf 87' lang='lat' dir='ltr'><strong>Augustinus</strong></span> 
     </span>
     <span class='ocr_line' id='line_1_10' title="bbox 402 1051 1823 1120; baseline 0.002 -21"><span class='ocrx_word' id='word_1_63' title='bbox 402 1051 640 1117; x_wconf 85' lang='lat' dir='ltr'><strong>eleganter</strong></span> <span class='ocrx_word' id='word_1_64' title='bbox 671 1053 880 1118; x_wconf 84' lang='lat' dir='ltr'><strong>scripsit,</strong></span> <span class='ocrx_word' id='word_1_65' title='bbox 913 1054 963 1100; x_wconf 91' lang='lat' dir='ltr'><strong>in</strong></span> <span class='ocrx_word' id='word_1_66' title='bbox 995 1053 1198 1119; x_wconf 87' lang='lat' dir='ltr'><strong>epistola</strong></span> <span class='ocrx_word' id='word_1_67' title='bbox 1221 1054 1283 1103; x_wconf 92' lang='lat' dir='ltr'><strong>ad</strong></span> <span class='ocrx_word' id='word_1_68' title='bbox 1308 1055 1657 1118; x_wconf 84' lang='lat' dir='ltr'><strong>Marcellinum,</strong></span> <span class='ocrx_word' id='word_1_69' title='bbox 1688 1053 1823 1120; x_wconf 92' lang='lat' dir='ltr'><strong>quod</strong></span> 
     </span>
     <span class='ocr_line' id='line_1_11' title="bbox 404 1131 1817 1198; baseline 0.001 -23"><span class='ocrx_word' id='word_1_70' title='bbox 404 1149 428 1176; x_wconf 86' lang='lat'><strong><em>«</em></strong></span> <span class='ocrx_word' id='word_1_71' title='bbox 458 1132 633 1179; x_wconf 86' lang='lat' dir='ltr'><strong>utiliter</strong></span> <span class='ocrx_word' id='word_1_72' title='bbox 667 1131 889 1193; x_wconf 85' lang='lat' dir='ltr'><strong>vincitur,</strong></span> <span class='ocrx_word' id='word_1_73' title='bbox 927 1132 1005 1178; x_wconf 93' lang='lat' dir='ltr'><strong>cui</strong></span> <span class='ocrx_word' id='word_1_74' title='bbox 1036 1131 1226 1180; x_wconf 90' lang='lat' dir='ltr'><strong>licentia</strong></span> <span class='ocrx_word' id='word_1_75' title='bbox 1256 1133 1515 1198; x_wconf 90' lang='lat' dir='ltr'><strong>iniquitatis</strong></span> <span class='ocrx_word' id='word_1_76' title='bbox 1545 1133 1764 1198; x_wconf 90' lang='lat' dir='ltr'><strong>eripitur,</strong></span> <span class='ocrx_word' id='word_1_77' title='bbox 1794 1152 1817 1175; x_wconf 72' lang='lat'><strong>&gt;2</strong></span> 
     </span>
     <span class='ocr_line' id='line_1_12' title="bbox 400 1209 1822 1277; baseline 0.003 -22"><span class='ocrx_word' id='word_1_78' title='bbox 400 1209 544 1256; x_wconf 88' lang='lat' dir='ltr'><strong>talem</strong></span> <span class='ocrx_word' id='word_1_79' title='bbox 579 1219 740 1257; x_wconf 90' lang='lat' dir='ltr'><strong>autem</strong></span> <span class='ocrx_word' id='word_1_80' title='bbox 778 1209 1020 1257; x_wconf 87' lang='lat' dir='ltr'><strong>licentiam</strong></span> <span class='ocrx_word' id='word_1_81' title='bbox 1052 1220 1099 1257; x_wconf 87' lang='lat' dir='ltr'><strong>et</strong></span> <span class='ocrx_word' id='word_1_82' title='bbox 1136 1210 1198 1258; x_wconf 93' lang='lat' dir='ltr'><strong>ad</strong></span> <span class='ocrx_word' id='word_1_83' title='bbox 1227 1228 1425 1277; x_wconf 82' lang='lat' dir='ltr'><strong>quaeque</strong></span> <span class='ocrx_word' id='word_1_84' title='bbox 1459 1210 1585 1258; x_wconf 90' lang='lat' dir='ltr'><strong>mala</strong></span> <span class='ocrx_word' id='word_1_85' title='bbox 1607 1210 1822 1259; x_wconf 87' lang='lat' dir='ltr'><strong>facinora</strong></span> 
     </span>
     <span class='ocr_line' id='line_1_13' title="bbox 400 1288 1822 1355; baseline 0.001 -21"><span class='ocrx_word' id='word_1_86' title='bbox 400 1303 570 1335; x_wconf 92' lang='lat' dir='ltr'><strong>ausum</strong></span> <span class='ocrx_word' id='word_1_87' title='bbox 601 1298 742 1352; x_wconf 88' lang='lat' dir='ltr'><strong>atque</strong></span> <span class='ocrx_word' id='word_1_88' title='bbox 779 1288 1069 1352; x_wconf 89' lang='lat' dir='ltr'><strong>pronitatem</strong></span> <span class='ocrx_word' id='word_1_89' title='bbox 1099 1288 1237 1337; x_wconf 91' lang='lat' dir='ltr'><strong>dictis</strong></span> <span class='ocrx_word' id='word_1_90' title='bbox 1269 1288 1464 1355; x_wconf 87' lang='lat' dir='ltr'><strong>perfidis</strong></span> <span class='ocrx_word' id='word_1_91' title='bbox 1494 1298 1542 1336; x_wconf 91' lang='lat' dir='ltr'><strong>et</strong></span> <span class='ocrx_word' id='word_1_92' title='bbox 1568 1288 1822 1353; x_wconf 78' lang='lat' dir='ltr'><strong>foedifragis</strong></span> 
     </span>
     <span class='ocr_line' id='line_1_14' title="bbox 398 1364 1821 1432; baseline 0.001 -21"><span class='ocrx_word' id='word_1_93' title='bbox 398 1364 706 1412; x_wconf 90' lang='lat' dir='ltr'><strong>Eburonibus</strong></span> <span class='ocrx_word' id='word_1_94' title='bbox 738 1364 1026 1430; x_wconf 78' lang='lat' dir='ltr'><strong>praestabant</strong></span> <span class='ocrx_word' id='word_1_95' title='bbox 1058 1382 1257 1414; x_wconf 90' lang='lat' dir='ltr'><strong>suorum</strong></span> <span class='ocrx_word' id='word_1_96' title='bbox 1292 1367 1583 1414; x_wconf 89' lang='lat' dir='ltr'><strong>munitiones</strong></span> <span class='ocrx_word' id='word_1_97' title='bbox 1613 1365 1821 1432; x_wconf 91' lang='lat' dir='ltr'><strong>oppido-</strong></span> 
     </span>
     <span class='ocr_line' id='line_1_15' title="bbox 397 1443 1820 1510; baseline 0.001 -21"><span class='ocrx_word' id='word_1_98' title='bbox 397 1459 531 1502; x_wconf 89' lang='lat' dir='ltr'><strong>rum,</strong></span> <span class='ocrx_word' id='word_1_99' title='bbox 557 1452 604 1490; x_wconf 90' lang='lat' dir='ltr'><strong>et</strong></span> <span class='ocrx_word' id='word_1_100' title='bbox 629 1443 830 1491; x_wconf 85' lang='lat' dir='ltr'><strong>civitatis</strong></span> <span class='ocrx_word' id='word_1_101' title='bbox 857 1460 954 1491; x_wconf 83' lang='lat' dir='ltr'><strong>suae</strong></span> <span class='ocrx_word' id='word_1_102' title='bbox 977 1460 1111 1491; x_wconf 89' lang='lat' dir='ltr'><strong>arma</strong></span> <span class='ocrx_word' id='word_1_103' title='bbox 1134 1454 1181 1492; x_wconf 92' lang='lat' dir='ltr'><strong>et</strong></span> <span class='ocrx_word' id='word_1_104' title='bbox 1203 1444 1377 1493; x_wconf 83' lang='lat' dir='ltr'><strong>divitiae</strong></span> <span class='ocrx_word' id='word_1_105' title='bbox 1401 1445 1604 1510; x_wconf 82' lang='lat' dir='ltr'><strong>(quibus</strong></span> <span class='ocrx_word' id='word_1_106' title='bbox 1626 1445 1738 1493; x_wconf 89' lang='lat' dir='ltr'><strong>satis</strong></span> <span class='ocrx_word' id='word_1_107' title='bbox 1763 1460 1820 1492; x_wconf 83' lang='lat' dir='ltr'><strong>ex</strong></span> 
     </span>
     <span class='ocr_line' id='line_1_16' title="bbox 396 1519 1820 1588; baseline 0.002 -22"><span class='ocrx_word' id='word_1_108' title='bbox 396 1519 540 1584; x_wconf 89' lang='lat' dir='ltr'><strong>longa</strong></span> <span class='ocrx_word' id='word_1_109' title='bbox 559 1520 660 1583; x_wconf 89' lang='lat' dir='ltr'><strong>jam</strong></span> <span class='ocrx_word' id='word_1_110' title='bbox 685 1537 799 1586; x_wconf 86' lang='lat' dir='ltr'><strong>pace</strong></span> <span class='ocrx_word' id='word_1_111' title='bbox 823 1521 1009 1586; x_wconf 87' lang='lat' dir='ltr'><strong>praediti</strong></span> <span class='ocrx_word' id='word_1_112' title='bbox 1031 1531 1078 1569; x_wconf 91' lang='lat' dir='ltr'><strong>et</strong></span> <span class='ocrx_word' id='word_1_113' title='bbox 1095 1522 1246 1570; x_wconf 89' lang='lat' dir='ltr'><strong>farciti</strong></span> <span class='ocrx_word' id='word_1_114' title='bbox 1264 1525 1448 1588; x_wconf 90' lang='lat' dir='ltr'><strong>erant),</strong></span> <span class='ocrx_word' id='word_1_115' title='bbox 1473 1523 1691 1588; x_wconf 87' lang='lat' dir='ltr'><strong>profecto</strong></span> <span class='ocrx_word' id='word_1_116' title='bbox 1710 1522 1820 1570; x_wconf 89' lang='lat' dir='ltr'><strong>satis</strong></span> 
     </span>
     <span class='ocr_line' id='line_1_17' title="bbox 397 1597 1822 1665; baseline 0.003 -21"><span class='ocrx_word' id='word_1_117' title='bbox 397 1597 574 1645; x_wconf 86' lang='lat' dir='ltr'><strong>utiliter</strong></span> <span class='ocrx_word' id='word_1_118' title='bbox 590 1598 871 1647; x_wconf 87' lang='lat' dir='ltr'><strong>consulebat</strong></span> <span class='ocrx_word' id='word_1_119' title='bbox 889 1601 995 1665; x_wconf 90' lang='lat' dir='ltr'><strong>paci</strong></span> <span class='ocrx_word' id='word_1_120' title='bbox 1017 1610 1063 1647; x_wconf 87' lang='lat' dir='ltr'><strong>et</strong></span> <span class='ocrx_word' id='word_1_121' title='bbox 1084 1600 1410 1665; x_wconf 86' lang='lat' dir='ltr'><strong>tranquillitati</strong></span> <span class='ocrx_word' id='word_1_122' title='bbox 1427 1618 1523 1649; x_wconf 84' lang='lat' dir='ltr'><strong>suoe</strong></span> <span class='ocrx_word' id='word_1_123' title='bbox 1539 1602 1822 1649; x_wconf 88' lang='lat' dir='ltr'><strong>vicinarum-</strong></span> 
     </span>
     <span class='ocr_line' id='line_1_18' title="bbox 395 1677 1819 1743; baseline 0.005 -23"><span class='ocrx_word' id='word_1_124' title='bbox 395 1691 491 1738; x_wconf 89' lang='lat' dir='ltr'><strong>que</strong></span> <span class='ocrx_word' id='word_1_125' title='bbox 514 1684 750 1723; x_wconf 89' lang='lat' dir='ltr'><strong>terrarum</strong></span> <span class='ocrx_word' id='word_1_126' title='bbox 777 1677 1021 1724; x_wconf 90' lang='lat' dir='ltr'><strong>dictorum</strong></span> <span class='ocrx_word' id='word_1_127' title='bbox 1042 1677 1294 1727; x_wconf 90' lang='lat' dir='ltr'><strong>illustrium</strong></span> <span class='ocrx_word' id='word_1_128' title='bbox 1317 1679 1567 1726; x_wconf 87' lang='lat' dir='ltr'><strong>clementia</strong></span> <span class='ocrx_word' id='word_1_129' title='bbox 1589 1687 1637 1726; x_wconf 90' lang='lat' dir='ltr'><strong>et</strong></span> <span class='ocrx_word' id='word_1_130' title='bbox 1656 1677 1819 1743; x_wconf 84' lang='lat' dir='ltr'><strong>provi-</strong></span> 
     </span>
     <span class='ocr_line' id='line_1_19' title="bbox 394 1747 1817 1822; baseline 0.004 -24"><span class='ocrx_word' id='word_1_131' title='bbox 394 1751 556 1800; x_wconf 89' lang='lat' dir='ltr'><strong>dentia</strong></span> <span class='ocrx_word' id='word_1_132' title='bbox 575 1748 868 1819; x_wconf 83' lang='lat' dir='ltr'><strong>principum,</strong></span> <span class='ocrx_word' id='word_1_133' title='bbox 892 1772 949 1803; x_wconf 89' lang='lat' dir='ltr'><strong>ea</strong></span> <span class='ocrx_word' id='word_1_134' title='bbox 971 1755 1032 1803; x_wconf 90' lang='lat' dir='ltr'><strong>ab</strong></span> <span class='ocrx_word' id='word_1_135' title='bbox 1052 1747 1119 1803; x_wconf 84' lang='lat' dir='ltr'><strong>eis</strong></span> <span class='ocrx_word' id='word_1_136' title='bbox 1137 1756 1369 1819; x_wconf 87' lang='lat' dir='ltr'><strong>tollendo,</strong></span> <span class='ocrx_word' id='word_1_137' title='bbox 1392 1767 1535 1822; x_wconf 90' lang='lat' dir='ltr'><strong>atque</strong></span> <span class='ocrx_word' id='word_1_138' title='bbox 1553 1755 1817 1805; x_wconf 91' lang='lat' dir='ltr'><strong>minuendo</strong></span> 
     </span>
     <span class='ocr_line' id='line_1_20' title="bbox 394 1830 1820 1899; baseline 0.002 -22"><span class='ocrx_word' id='word_1_139' title='bbox 394 1846 500 1893; x_wconf 85' lang='lat' dir='ltr'><strong>quae</strong></span> <span class='ocrx_word' id='word_1_140' title='bbox 525 1830 706 1878; x_wconf 89' lang='lat' dir='ltr'><strong>eisdem</strong></span> <span class='ocrx_word' id='word_1_141' title='bbox 737 1833 986 1880; x_wconf 87' lang='lat' dir='ltr'><strong>materiam</strong></span> <span class='ocrx_word' id='word_1_142' title='bbox 1019 1833 1252 1899; x_wconf 85' lang='lat' dir='ltr'><strong>superbiae</strong></span> <span class='ocrx_word' id='word_1_143' title='bbox 1281 1844 1350 1896; x_wconf 91' lang='lat' dir='ltr'><strong>et,</strong></span> <span class='ocrx_word' id='word_1_144' title='bbox 1376 1851 1463 1898; x_wconf 88' lang='lat' dir='ltr'><strong>per</strong></span> <span class='ocrx_word' id='word_1_145' title='bbox 1486 1834 1603 1894; x_wconf 94' lang='lat' dir='ltr'><strong>hoc,</strong></span> <span class='ocrx_word' id='word_1_146' title='bbox 1630 1834 1820 1881; x_wconf 89' lang='lat' dir='ltr'><strong>seditio-</strong></span> 
     </span>
     <span class='ocr_line' id='line_1_21' title="bbox 394 1908 1818 1976; baseline 0.004 -24"><span class='ocrx_word' id='word_1_147' title='bbox 394 1923 537 1968; x_wconf 89' lang='lat' dir='ltr'><strong>num,</strong></span> <span class='ocrx_word' id='word_1_148' title='bbox 565 1908 838 1967; x_wconf 88' lang='lat' dir='ltr'><strong>turbarum‚</strong></span> <span class='ocrx_word' id='word_1_149' title='bbox 865 1920 1009 1975; x_wconf 91' lang='lat' dir='ltr'><strong>atque</strong></span> <span class='ocrx_word' id='word_1_150' title='bbox 1030 1912 1165 1975; x_wconf 89' lang='lat' dir='ltr'><strong>igne,</strong></span> <span class='ocrx_word' id='word_1_151' title='bbox 1193 1911 1319 1959; x_wconf 87' lang='lat' dir='ltr'><strong>ferro</strong></span> <span class='ocrx_word' id='word_1_152' title='bbox 1340 1947 1353 1971; x_wconf 89' lang='lat'><strong>,</strong></span> <span class='ocrx_word' id='word_1_153' title='bbox 1379 1911 1587 1958; x_wconf 83' lang='lat' dir='ltr'><strong>caedibus</strong></span> <span class='ocrx_word' id='word_1_154' title='bbox 1610 1921 1658 1958; x_wconf 89' lang='lat' dir='ltr'><strong>et</strong></span> <span class='ocrx_word' id='word_1_155' title='bbox 1692 1911 1818 1976; x_wconf 90' lang='lat' dir='ltr'><strong>rapi-</strong></span> 
     </span>
     <span class='ocr_line' id='line_1_22' title="bbox 394 1985 1816 2051; baseline 0.003 -19"><span class='ocrx_word' id='word_1_156' title='bbox 394 1985 467 2031; x_wconf 90' lang='lat' dir='ltr'><strong>nis</strong></span> <span class='ocrx_word' id='word_1_157' title='bbox 490 1987 934 2051; x_wconf 87' lang='lat' dir='ltr'><strong>persequendorum</strong></span> <span class='ocrx_word' id='word_1_158' title='bbox 956 1988 1227 2035; x_wconf 87' lang='lat' dir='ltr'><strong>vicinorum</strong></span> <span class='ocrx_word' id='word_1_159' title='bbox 1251 1990 1555 2036; x_wconf 90' lang='lat' dir='ltr'><strong>occasionem</strong></span> <span class='ocrx_word' id='word_1_160' title='bbox 1578 1989 1816 2036; x_wconf 88' lang='lat' dir='ltr'><strong>ministra-</strong></span> 
     </span>
     <span class='ocr_line' id='line_1_23' title="bbox 392 2060 1817 2131; baseline 0.005 -24"><span class='ocrx_word' id='word_1_161' title='bbox 392 2060 528 2110; x_wconf 90' lang='lat' dir='ltr'><strong>bant.</strong></span> <span class='ocrx_word' id='word_1_162' title='bbox 565 2083 589 2109; x_wconf 91' lang='lat'><strong><em>«</em></strong></span> <span class='ocrx_word' id='word_1_163' title='bbox 614 2065 761 2111; x_wconf 90' lang='lat' dir='ltr'><strong>Multa</strong></span> <span class='ocrx_word' id='word_1_164' title='bbox 790 2065 944 2124; x_wconf 91' lang='lat' dir='ltr'><strong>enim,</strong></span> <span class='ocrx_word' id='word_1_165' title='bbox 970 2086 992 2108; x_wconf 85' lang='lat'>»</span> <span class='ocrx_word' id='word_1_166' title='bbox 1026 2075 1079 2112; x_wconf 89' lang='lat' dir='ltr'><strong>ut</strong></span> <span class='ocrx_word' id='word_1_167' title='bbox 1101 2066 1229 2114; x_wconf 91' lang='lat' dir='ltr'><strong>idem</strong></span> <span class='ocrx_word' id='word_1_168' title='bbox 1259 2067 1548 2131; x_wconf 85' lang='lat' dir='ltr'><strong>Augustinus</strong></span> <span class='ocrx_word' id='word_1_169' title='bbox 1574 2067 1625 2114; x_wconf 93' lang='lat' dir='ltr'><strong>in</strong></span> <span class='ocrx_word' id='word_1_170' title='bbox 1648 2067 1817 2115; x_wconf 89' lang='lat' dir='ltr'><strong>eadem</strong></span> 
     </span>
     <span class='ocr_line' id='line_1_24' title="bbox 393 2139 1818 2208; baseline 0.005 -23"><span class='ocrx_word' id='word_1_171' title='bbox 393 2139 595 2204; x_wconf 89' lang='lat' dir='ltr'><strong>epistola</strong></span> <span class='ocrx_word' id='word_1_172' title='bbox 616 2141 794 2205; x_wconf 89' lang='lat' dir='ltr'><strong>inquit,</strong></span> <span class='ocrx_word' id='word_1_173' title='bbox 824 2160 848 2186; x_wconf 88' lang='lat'><strong><em>«</em></strong></span> <span class='ocrx_word' id='word_1_174' title='bbox 877 2158 989 2189; x_wconf 92' lang='lat' dir='ltr'><strong>cum</strong></span> <span class='ocrx_word' id='word_1_175' title='bbox 1011 2143 1195 2204; x_wconf 89' lang='lat' dir='ltr'><strong>invitis,</strong></span> <span class='ocrx_word' id='word_1_176' title='bbox 1221 2143 1430 2206; x_wconf 86' lang='lat' dir='ltr'><strong>benigna</strong></span> <span class='ocrx_word' id='word_1_177' title='bbox 1450 2143 1658 2208; x_wconf 89' lang='lat' dir='ltr'><strong>quadam</strong></span> <span class='ocrx_word' id='word_1_178' title='bbox 1681 2160 1818 2208; x_wconf 91' lang='lat' dir='ltr'><strong>aspe-</strong></span> 
     </span>
     <span class='ocr_line' id='line_1_25' title="bbox 396 2217 1817 2287; baseline 0.005 -24"><span class='ocrx_word' id='word_1_179' title='bbox 396 2217 533 2264; x_wconf 92' lang='lat' dir='ltr'><strong>ritate</strong></span> <span class='ocrx_word' id='word_1_180' title='bbox 551 2218 833 2283; x_wconf 83' lang='lat' dir='ltr'><strong>plectendiS,</strong></span> <span class='ocrx_word' id='word_1_181' title='bbox 861 2219 1045 2283; x_wconf 87' lang='lat' dir='ltr'><strong>agenda</strong></span> <span class='ocrx_word' id='word_1_182' title='bbox 1069 2230 1197 2282; x_wconf 90' lang='lat' dir='ltr'><strong>sunt,</strong></span> <span class='ocrx_word' id='word_1_183' title='bbox 1220 2238 1430 2286; x_wconf 89' lang='lat' dir='ltr'><strong>quorum</strong></span> <span class='ocrx_word' id='word_1_184' title='bbox 1449 2221 1640 2270; x_wconf 90' lang='lat' dir='ltr'><strong>utilitati</strong></span> <span class='ocrx_word' id='word_1_185' title='bbox 1657 2223 1817 2287; x_wconf 89' lang='lat' dir='ltr'><strong>potius</strong></span> 
     </span>
     <span class='ocr_line' id='line_1_26' title="bbox 394 2294 1146 2360; baseline 0.003 -19"><span class='ocrx_word' id='word_1_186' title='bbox 394 2294 658 2342; x_wconf 90' lang='lat' dir='ltr'><strong>consulitur</strong></span> <span class='ocrx_word' id='word_1_187' title='bbox 682 2313 828 2360; x_wconf 91' lang='lat' dir='ltr'><strong>quam</strong></span> <span class='ocrx_word' id='word_1_188' title='bbox 849 2296 1100 2346; x_wconf 87' lang='lat' dir='ltr'><strong>voluntati.</strong></span> <span class='ocrx_word' id='word_1_189' title='bbox 1123 2318 1146 2344; x_wconf 89' lang='lat'>»</span> 
     </span>
    </p>

    <p class='ocr_par' dir='ltr' id='par_1_4' title="bbox 461 2374 1814 2441">
     <span class='ocr_line' id='line_1_27' title="bbox 461 2374 1814 2441; baseline 0.003 -23"><span class='ocrx_word' id='word_1_190' title='bbox 461 2375 521 2418; x_wconf 92' lang='lat' dir='ltr'><strong>Ut</strong></span> <span class='ocrx_word' id='word_1_191' title='bbox 548 2382 706 2421; x_wconf 89' lang='lat' dir='ltr'><strong>autem</strong></span> <span class='ocrx_word' id='word_1_192' title='bbox 734 2374 807 2420; x_wconf 92' lang='lat' dir='ltr'><strong>sui</strong></span> <span class='ocrx_word' id='word_1_193' title='bbox 840 2375 967 2421; x_wconf 82' lang='lat' dir='ltr'><strong>exitii</strong></span> <span class='ocrx_word' id='word_1_194' title='bbox 994 2386 1041 2422; x_wconf 92' lang='lat' dir='ltr'><strong>et</strong></span> <span class='ocrx_word' id='word_1_195' title='bbox 1070 2378 1287 2424; x_wconf 83' lang='lat' dir='ltr'><strong>amentiae</strong></span> <span class='ocrx_word' id='word_1_196' title='bbox 1314 2393 1479 2425; x_wconf 88' lang='lat' dir='ltr'><strong>causas</strong></span> <span class='ocrx_word' id='word_1_197' title='bbox 1502 2376 1647 2441; x_wconf 92' lang='lat' dir='ltr'><strong>paulo</strong></span> <span class='ocrx_word' id='word_1_198' title='bbox 1674 2375 1814 2423; x_wconf 91' lang='lat' dir='ltr'><strong>altius</strong></span> 
     </span>
    </p>
   </div>
   <div class='ocr_carea' id='block_1_3' title="bbox 395 2451 1894 2520">
    <p class='ocr_par' dir='ltr' id='par_1_5' title="bbox 395 2451 1894 2520">
     <span class='ocr_line' id='line_1_28' title="bbox 395 2451 1894 2520; baseline 0.003 -23"><span class='ocrx_word' id='word_1_199' title='bbox 395 2460 684 2516; x_wconf 88' lang='lat' dir='ltr'><strong>repetamus,</strong></span> <span class='ocrx_word' id='word_1_200' title='bbox 725 2452 969 2501; x_wconf 89' lang='lat' dir='ltr'><strong>habebant</strong></span> <span class='ocrx_word' id='word_1_201' title='bbox 1000 2463 1114 2502; x_wconf 89' lang='lat' dir='ltr'><strong>tunc</strong></span> <span class='ocrx_word' id='word_1_202' title='bbox 1145 2457 1424 2520; x_wconf 90' lang='lat' dir='ltr'><strong>episcopum</strong></span> <span class='ocrx_word' id='word_1_203' title='bbox 1452 2471 1737 2520; x_wconf 88' lang='lat' dir='ltr'><strong>generosum</strong></span> <span class='ocrx_word' id='word_1_204' title='bbox 1767 2464 1813 2501; x_wconf 90' lang='lat' dir='ltr'><strong>et</strong></span> <span class='ocrx_word' id='word_1_205' title='bbox 1887 2451 1894 2461; x_wconf 88' lang='grc'>’</span> 
     </span>
    </p>
   </div>
   <div class='ocr_carea' id='block_1_4' title="bbox 391 2528 1812 2911">
    <p class='ocr_par' dir='ltr' id='par_1_6' title="bbox 391 2528 1812 2911">
     <span class='ocr_line' id='line_1_29' title="bbox 396 2528 1808 2595; baseline 0.004 -21"><span class='ocrx_word' id='word_1_206' title='bbox 396 2528 648 2589; x_wconf 88' lang='lat' dir='ltr'><strong>illustrem,</strong></span> <span class='ocrx_word' id='word_1_207' title='bbox 669 2530 832 2593; x_wconf 88' lang='lat' dir='ltr'><strong>quoad</strong></span> <span class='ocrx_word' id='word_1_208' title='bbox 852 2531 1006 2578; x_wconf 89' lang='lat' dir='ltr'><strong>carnis</strong></span> <span class='ocrx_word' id='word_1_209' title='bbox 1032 2532 1265 2595; x_wconf 88' lang='lat' dir='ltr'><strong>originem</strong></span> <span class='ocrx_word' id='word_1_210' title='bbox 1283 2534 1472 2593; x_wconf 88' lang='lat' dir='ltr'><strong>attinet,</strong></span> <span class='ocrx_word' id='word_1_211' title='bbox 1497 2532 1808 2592; x_wconf 89' lang='lat' dir='ltr'><strong>Ludovicum,</strong></span> 
     </span>
     <span class='ocr_line' id='line_1_30' title="bbox 395 2604 1812 2674; baseline 0.003 -22"><span class='ocrx_word' id='word_1_212' title='bbox 395 2604 528 2653; x_wconf 92' lang='lat' dir='ltr'><strong>ducis</strong></span> <span class='ocrx_word' id='word_1_213' title='bbox 548 2605 777 2658; x_wconf 89' lang='lat' dir='ltr'><strong>Borbonii</strong></span> <span class='ocrx_word' id='word_1_214' title='bbox 798 2606 966 2670; x_wconf 85' lang='lat' dir='ltr'><strong>filium,</strong></span> <span class='ocrx_word' id='word_1_215' title='bbox 990 2619 1215 2674; x_wconf 91' lang='lat' dir='ltr'><strong>nepotem</strong></span> <span class='ocrx_word' id='word_1_216' title='bbox 1232 2627 1346 2658; x_wconf 86' lang='lat' dir='ltr'><strong>vero</strong></span> <span class='ocrx_word' id='word_1_217' title='bbox 1367 2627 1424 2657; x_wconf 87' lang='lat' dir='ltr'><strong>ex</strong></span> <span class='ocrx_word' id='word_1_218' title='bbox 1441 2627 1606 2658; x_wconf 90' lang='lat' dir='ltr'><strong>sorore</strong></span> <span class='ocrx_word' id='word_1_219' title='bbox 1622 2610 1812 2658; x_wconf 87' lang='lat' dir='ltr'><strong>illustris</strong></span> 
     </span>
     <span class='ocr_line' id='line_1_31' title="bbox 397 2682 1812 2754; baseline 0.005 -26"><span class='ocrx_word' id='word_1_220' title='bbox 397 2682 622 2748; x_wconf 90' lang='lat' dir='ltr'><strong>Philippi,</strong></span> <span class='ocrx_word' id='word_1_221' title='bbox 651 2684 1049 2747; x_wconf 86' lang='lat' dir='ltr'><strong>Burgundionum</strong></span> <span class='ocrx_word' id='word_1_222' title='bbox 1071 2687 1227 2749; x_wconf 91' lang='lat' dir='ltr'><strong>ducis,</strong></span> <span class='ocrx_word' id='word_1_223' title='bbox 1256 2698 1303 2736; x_wconf 89' lang='lat' dir='ltr'><strong>et</strong></span> <span class='ocrx_word' id='word_1_224' title='bbox 1323 2706 1408 2754; x_wconf 87' lang='lat' dir='ltr'><strong>per</strong></span> <span class='ocrx_word' id='word_1_225' title='bbox 1433 2688 1528 2736; x_wconf 90' lang='lat' dir='ltr'><strong>hoc</strong></span> <span class='ocrx_word' id='word_1_226' title='bbox 1552 2689 1812 2737; x_wconf 89' lang='lat' dir='ltr'><strong>consobri—</strong></span> 
     </span>
     <span class='ocr_line' id='line_1_32' title="bbox 392 2762 1810 2833; baseline 0.004 -25"><span class='ocrx_word' id='word_1_227' title='bbox 392 2778 509 2808; x_wconf 91' lang='lat' dir='ltr'><strong>num</strong></span> <span class='ocrx_word' id='word_1_228' title='bbox 543 2762 722 2822; x_wconf 91' lang='lat' dir='ltr'><strong>Caroli,</strong></span> <span class='ocrx_word' id='word_1_229' title='bbox 748 2763 939 2811; x_wconf 88' lang='lat' dir='ltr'><strong>illustris</strong></span> <span class='ocrx_word' id='word_1_230' title='bbox 976 2765 1197 2814; x_wconf 89' lang='lat' dir='ltr'><strong>moderni</strong></span> <span class='ocrx_word' id='word_1_231' title='bbox 1227 2767 1360 2815; x_wconf 91' lang='lat' dir='ltr'><strong>ducis</strong></span> <span class='ocrx_word' id='word_1_232' title='bbox 1389 2767 1700 2833; x_wconf 83' lang='lat' dir='ltr'><strong>Burgundiae3</strong></span> <span class='ocrx_word' id='word_1_233' title='bbox 1727 2767 1810 2832; x_wconf 92' lang='lat' dir='ltr'><strong>qui</strong></span> 
     </span>
     <span class='ocr_line' id='line_1_33' title="bbox 391 2839 1809 2911; baseline 0.003 -25"><span class='ocrx_word' id='word_1_234' title='bbox 391 2839 534 2887; x_wconf 88' lang='lat' dir='ltr'><strong>etiam</strong></span> <span class='ocrx_word' id='word_1_235' title='bbox 554 2840 769 2904; x_wconf 90' lang='lat' dir='ltr'><strong>ejusdem</strong></span> <span class='ocrx_word' id='word_1_236' title='bbox 786 2841 1013 2890; x_wconf 88' lang='lat' dir='ltr'><strong>Ludovici</strong></span> <span class='ocrx_word' id='word_1_237' title='bbox 1030 2847 1262 2908; x_wconf 89' lang='lat' dir='ltr'><strong>sororem,</strong></span> <span class='ocrx_word' id='word_1_238' title='bbox 1282 2855 1329 2893; x_wconf 91' lang='lat' dir='ltr'><strong>et</strong></span> <span class='ocrx_word' id='word_1_239' title='bbox 1346 2846 1607 2911; x_wconf 88' lang='lat' dir='ltr'><strong>apostolica</strong></span> <span class='ocrx_word' id='word_1_240' title='bbox 1622 2845 1809 2909; x_wconf 91' lang='lat' dir='ltr'><strong>dispen-</strong></span> 
     </span>
    </p>
   </div>
  </div>
 </body>
</html>
