2054 3470
768 333 911 370 Lmen
949 332 1190 380 QUAR'rus.
1608 335 1679 372 291

283 420 344 468 ad
369 420 602 485 liquidum
628 419 838 467 constitit
870 418 1032 466 omnia
1066 418 1173 466 ficte
1206 427 1253 464 et
1285 417 1500 466 simulate
1522 435 1683 466 secum

283 508 387 546 acta
422 498 578 558 fuisse,
613 513 758 561 seque
788 496 946 544 verbis
973 495 1184 561 pacificis
1204 497 1254 541 in
1287 494 1402 543 dolo
1435 495 1683 543 detentum

282 574 422 622 fuisse
455 584 503 622 et
532 573 770 622 delusum.
796 575 916 622 Nam
938 590 1049 620 cum
1071 588 1213 638 super
1235 573 1481 637 promissis
1503 581 1550 620 et
1571 589 1684 619 cum

281 666 340 698 eo
373 650 680 716 compactatis
706 649 842 714 legati
874 649 1025 713 regis,
1061 658 1115 696 ut
1144 647 1234 696 sibi
1265 648 1326 696 de
1357 648 1687 712 hujuscemodi

284 728 529 776 conventis
556 728 733 776 litteras
763 727 884 790 regis
913 726 1204 775 authenticas
1226 735 1540 790 reportarent,
1570 729 1684 772 Am·-

284 803 448 853 bianos
478 821 628 870 usque
658 821 708 852 se
737 804 1032 869 profecturos
1062 803 1312 862 dixissent,
1347 803 1410 849 ad
1445 819 1558 849 eum
1596 803 1685 849 mi-

282 880 410 929 nime
434 891 601 946 postea
622 881 882 939 redierunt,
901 897 990 928 nec
1019 880 1080 927 de
1103 879 1378 943 hujusmodi
1404 880 1554 945 pactis
1590 895 1685 934 am·

282 958 405 1024 plius
422 958 518 1006 ulla
539 960 719 1006 mentio
737 958 903 1006 habita
923 959 1032 1005 θεῖ’.

344 1035 559 1083 Sentiens
590 1035 733 1098 igitur
765 1034 1159 1099 Burgundionum
1199 1033 1296 1080 dux
1332 1033 1504 1081 talibus
1535 1033 1686 1082 fictio·

282 1111 423 1159 nibus
460 1121 507 1160 et
546 1112 929 1160 simulationibus
967 1129 1017 1159 se
1058 1111 1300 1172 delusum,
1346 1121 1394 1159 et
1433 1121 1599 1160 contra
1637 1129 1687 1159 se

284 1207 448 1237 revera
485 1200 531 1237 et
573 1191 747 1238 ducem
775 1191 1052 1251 Britanniae‚
1086 1188 1175 1236 sibi
1198 1189 1496 1249 foederatum,
1527 1190 1690 1238 omnia

280 1266 469 1315 hostilia
512 1269 794 1334 praeparari,
835 1285 948 1316 cum
992 1284 1163 1332 magna
1204 1267 1473 1331 diligentia,
1516 1269 1688 1316 exactis

282 1346 490 1410 treugis’,
519 1363 660 1394 suum
682 1347 986 1411 congregavit
1003 1346 1259 1394 exercitum
1274 1382 1287 1407 ,
1308 1356 1356 1393 et
1379 1347 1429 1394 in
1452 1347 1614 1394 castris
1637 1347 1685 1394 in

288 1423 411 1484 agris
435 1422 820 1470 Atrebatensibus
841 1440 891 1470 se
912 1423 1102 1471 locavit.

347 1499 460 1546 Inde
486 1516 598 1547 vero
628 1516 826 1548 movens
855 1517 968 1547 cum
997 1499 1214 1547 maximis
1235 1500 1452 1564 equitum
1474 1509 1522 1547 et
1554 1500 1683 1564 pedi-

281 1585 382 1623 tum
398 1577 549 1641 copiis
564 1614 575 1635 ‚
614 1587 660 1624 et
680 1593 852 1642 magna
867 1593 1094 1624 curruum
1113 1587 1160 1624 et
1180 1577 1509 1625 machinarum
1533 1578 1690 1625 multi—

282 1652 464 1714 tudine,
484 1664 636 1701 castra
653 1664 821 1701 contra
841 1653 1125 1719 oppidulum
1136 1655 1296 1701 Nesle³
1309 1654 1358 1701 in
1369 1654 1689 1703 Veromandia

281 1740 483 1778 metatus
504 1742 590 1779 est.
631 1732 699 1778 Ad
733 1732 864 1796 quod
890 1731 1319 1779 communiendum
1348 1749 1430 1779 rex
1461 1731 1688 1796 quadrin-

280 1817 447 1869 gentos
471 1808 670 1872 pedites,
711 1809 900 1856 illorum
933 1825 1054 1873 quos
1090 1808 1279 1856 francos
1309 1809 1572 1872 sagittarios
1604 1825 1688 1874 ap-

281 1885 481 1949 pellant,
518 1903 608 1950 pro
630 1886 847 1951 praesidio
877 1886 1215 1933 transmiserat.
1254 1889 1586 1950 Expugnatum
1619 1897 1689 1934 est

281 1967 438 2008 autern
463 1963 620 2009 statim
657 1963 813 2027 ipsum
847 1962 1148 2027 oppidulum,
1174 1971 1221 2009 et
1241 1963 1370 2010 caesis
1394 1962 1467 2010 his
1488 1963 1571 2027 qui
1593 1964 1687 2011 illic

278 2039 446 2087 armati
469 2050 621 2100 erant,
649 2040 791 2087 etiam
812 2037 1035 2086 incendio
1060 2039 1224 2086 datum
1247 2039 1374 2086 suiv.
1404 2043 1507 2088 Hoc
1527 2051 1684 2090 autem

280 2114 455 2162 factum
474 2116 574 2163 fore
587 2115 776 2164 aiebant
788 2117 836 2162 in
850 2116 1080 2163 ultionem
1094 2117 1222 2163 neeis
1239 2119 1312 2180 cuj
1319 2117 1486 2164 usdam
1501 2117 1683 2166 heraldi

282 2208 367 2238 seu
374 2194 524 2240 nuntii
534 2231 544 2253 ‚
563 2211 704 2258 quem
714 2211 823 2240 cum
835 2193 1112 2258 Burgundiae
1123 2194 1287 2241 duxad
1296 2195 1563 2260 oppidanos
1571 2215 1685 2262 prae-

281 2269 497 2330 misisset,
524 2269 892 2318 comminando⁵
924 2279 972 2317 et
1001 2270 1289 2318 summando
1312 2287 1395 2318 eos
1416 2281 1469 2318 ut
1489 2285 1684 2337 sponta-

335 2409 374 2446 1.
402 2409 605 2459 L'outrage
629 2408 687 2445 fut
703 2406 791 2445 bien
813 2406 898 2458 plus
916 2406 1038 2458 grand
1051 2436 1062 2454 ,
1089 2406 1244 2445 suivant
1260 2409 1498 2457 Commines,
1523 2409 1686 2461 puisque

280 2466 396 2504 Louis
412 2468 468 2504 XI
490 2483 510 2502 ιι
526 2479 698 2517 renvoya
716 2479 810 2504 avec
833 2465 1101 2518 tres-maigres
1124 2465 1277 2517 paroles
1290 2495 1301 2515 ,
1321 2480 1410 2506 sans
1431 2468 1586 2507 vouloir
1603 2469 1686 2507 rien

276 2524 403 2572 jurer,
426 2540 445 2558 n
466 2538 519 2563 un
543 2524 875 2576 plenipotentiaire
903 2524 956 2562 du
978 2524 1053 2563 duc
1081 2524 1148 2576 qui
1167 2525 1258 2564 &tait
1282 2538 1384 2564 venu
1408 2527 1594 2565 cher-cher
1615 2541 1685 2566 son

282 2590 462 2624 serment.
482 2586 700 2631 Me'moires,
719 2584 746 2623 l.
766 2586 838 2633 III,
857 2597 893 2621 c.
912 2597 967 2622 lx.

334 2644 374 2683 2.
403 2644 459 2680 La
475 2644 582 2680 treve
601 2642 692 2680 etait
708 2643 863 2694 expiree
880 2651 996 2682 avant
1008 2656 1084 2693 que
1103 2642 1139 2681 le
1154 2642 1230 2682 duc
1246 2642 1295 2682 de
1311 2643 1488 2682 Guienne
1513 2647 1682 2683 mourut.

336 2702 376 2738 3.
403 2703 500 2738 Nete
518 2700 612 2738 dans
630 2701 668 2738 le
684 2714 755 2739 ms.

337 2763 374 2796 4.
407 2760 553 2807 ffljuin
575 2762 693 2798 1472.

338 2821 375 2857 5.
410 2820 630 2856 Commendo
650 2819 744 2856 dans
763 2820 799 2857 le
816 2833 887 2858 ms.
