2054 3470
777 306 925 343 LIBER
951 306 1148 343 PRIMUS.
1615 307 1666 344 83

265 396 410 445 nabat
422 396 599 460 legatos
615 392 676 441 ad
694 393 852 458 ipsum
870 391 1120 438 Britanniae
1134 390 1325 452 ducem,
1346 401 1416 451 ut,
1437 392 1511 439 vel
1528 394 1667 441 minis

264 474 555 532 deterritum,
579 471 654 519 vel
675 469 844 517 oblatis
864 468 1073 516 illectum
1091 468 1376 531 honoribus,
1401 486 1513 517 eum
1533 471 1594 518 ad
1617 489 1668 519 se

264 549 698 617 possetattrahere.
739 550 888 594 Porro
926 563 1060 607 cum,
1102 546 1319 612 pluribus
1353 547 1667 611 legationibus

264 629 414 677 missis
428 628 644 691 utrinque
659 635 802 690 atque
818 624 1041 685 remissiS,
1059 624 1109 670 in
1125 641 1311 671 cassum
1328 626 1453 688 regis
1468 635 1669 673 conatus
1751 631 1755 635 ’

264 704 594 770 procederent,
622 702 816 750 tandem
837 701 1062 749 comitem
1086 700 1219 748 illum
1242 701 1470 750 illustrem
1491 703 1669 751 virum-

264 799 358 848 que
375 780 682 847 prudentem,
705 780 931 827 comitem
954 777 1130 825 scilicet
1150 781 1423 827 Dunensem
1436 815 1449 838 ,
1476 780 1539 828 ad
1560 797 1671 828 eum

265 858 540 918 destinavit;
566 867 613 905 et
636 873 747 904 cum
770 855 832 903 ad
856 856 958 919 ejus
978 871 1170 919 quoque
1199 855 1439 903 intentum
1475 858 1673 906 minime

263 934 478 984 laborare
499 935 745 1001 potuisset,
770 949 828 980 eo
848 948 1056 993 reverso,
1078 932 1317 997 principes
1339 933 1410 980 sui
1431 935 1672 999 sanguinis

265 1021 313 1060 et
332 1013 534 1077 majores
553 1012 687 1075 regni
706 1027 927 1077 proceres
942 1009 1005 1057 ad
1029 1009 1196 1058 urbem
1215 1012 1542 1059 Turonensem
1559 1028 1674 1060 con-

263 1091 487 1139 vocavit¹.

329 1171 500 1216 Coram
525 1167 699 1233 quibus
718 1168 769 1215 in
795 1183 946 1214 unum
968 1164 1199 1224 collectis,
1224 1165 1417 1231 longam
1440 1183 1528 1231 pro
1552 1183 1676 1214 con-

264 1248 402 1295 cione
421 1247 707 1306 orationem,
724 1245 852 1293 velut
862 1244 1223 1306 accusatoriam,
1241 1243 1409 1292 babuit
1425 1244 1677 1292 adversum

268 1325 516 1373 Britanniae
537 1325 727 1372 ducem.
756 1326 868 1370 Erat
891 1322 1020 1370 euim
1042 1323 1090 1369 in
1116 1339 1336 1370 sermone
1361 1322 1588 1384 dicacior,
1609 1333 1674 1384 et,

268 1402 447 1450 nullam
474 1402 583 1450 licet
605 1401 787 1448 habens
809 1399 1093 1447 elocutionis
1116 1398 1396 1464 dignitatem
1419 1417 1504 1448 seu
1526 1401 1681 1464 gravi-

270 1489 431 1540 tatem,
457 1489 557 1527 erat
578 1489 735 1526 tamen
756 1487 853 1525 tam
872 1478 921 1524 in
945 1475 1152 1524 dicendo
1173 1476 1368 1538 effusus,
1395 1487 1448 1525 ut
1469 1477 1678 1542 plerum-

269 1573 363 1620 que
397 1566 641 1620 generaret
681 1571 766 1602 sua
800 1554 1085 1618 loquacitate
1120 1553 1360 1602 fastidium
1377 1557 1407 1602 ².
1448 1556 1681 1603 Narrabat

267 1635 409 1698 igitur
442 1634 602 1681 multis
640 1631 938 1681 sermonibus
974 1648 1093 1696 quas
1127 1631 1377 1696 injustitias
1414 1632 1544 1680 idem
1579 1632 1679 1680 dux

269 1713 520 1759 Britanniae
547 1711 636 1758 sibi
666 1719 714 1758 et
741 1726 932 1757 coronae
964 1712 996 1755 F
997 1709 1168 1756 rancioe
1194 1718 1378 1757 teneret
1403 1719 1452 1757 et
1478 1709 1677 1770 faceret3

268 1788 469 1850 qualiter
489 1789 659 1836 merito
679 1788 882 1851 jureque
903 1784 1127 1833 adversus
1147 1802 1258 1832 eum
1274 1786 1424 1850 justas
1446 1803 1611 1834 causas
1633 1797 1680 1835 et

268 1865 484 1928 querelas
502 1864 721 1924 haberet3
747 1881 845 1928 quo
868 1862 1035 1923 modo,
1055 1863 1197 1910 variis
1217 1863 1536 1927 legationibus
1555 1864 1678 1913 ultro

269 1942 485 2007 citroque
506 1942 767 2000 destinatis,
792 1957 902 1988 eum
925 1941 1092 2005 saepius
1113 1941 1487 1990 commonuisset
1506 1942 1567 1989 de
1590 1942 1682 1990 sibi

269 2009 575 2067 amicabiliter
591 2019 821 2083 justitiam
842 2017 1132 2078 exhibendo,
1162 2018 1332 2066 multas
1351 2019 1568 2084 aperiens
1589 2019 1679 2067 sibi

269 2096 368 2144 vias
381 2096 670 2156 amicabileS,
691 2111 809 2160 quas
827 2112 927 2142 non
944 2111 1180 2154 recusare,
1201 2095 1283 2142 sed
1301 2096 1521 2161 amplecti
1542 2097 1682 2144 ratio-

272 2169 491 2218 nabiliter
518 2169 780 2229 debuisset3
812 2168 896 2216 sed
925 2169 1092 2232 spretis
1122 2168 1372 2228 omnibus,
1404 2186 1504 2217 non
1531 2170 1680 2218 modo

272 2247 404 2310 quasi
429 2264 513 2313 par
535 2264 644 2303 cum
672 2263 785 2312 pare
810 2247 941 2310 (cum
970 2255 1129 2292 tamen
1160 2246 1261 2309 ejus
1292 2246 1517 2294 subditus
1549 2249 1608 2295 sit
1634 2258 1683 2295 et

274 2324 532 2387 vassallus),
546 2324 629 2371 sed
646 2324 801 2389 potius
819 2333 1043 2387 tanquam
1066 2323 1287 2387 superior
1307 2340 1417 2370 cum
1435 2324 1679 2387 inferiore,

273 2400 399 2448 velut
418 2401 535 2448 nihil
557 2402 744 2467 penitus
766 2400 828 2448 ad
849 2417 960 2447 eum
982 2400 1209 2457 attinens,
1235 2417 1284 2448 se
1308 2402 1534 2465 gessisset.

338 2478 445 2525 Haec
468 2495 579 2526 cum
605 2478 765 2525 multis
788 2477 1065 2524 retexuisset
1090 2477 1413 2537 sermonibus,
1444 2477 1595 2525 multa
1622 2479 1683 2525 de

333 2619 350 2654 1
362 2645 370 2654 .
400 2619 454 2655 Le
480 2619 529 2654 18
549 2616 750 2656 decembre
765 2619 883 2656 1464.
904 2616 997 2656 Voir
1014 2616 1052 2655 le
1066 2616 1162 2657 recit
1179 2616 1228 2656 de
1249 2626 1349 2656 cette
1362 2616 1573 2656 assemblee
1586 2617 1681 2655 dans

282 2678 387 2714 Dom
403 2676 563 2726 Murice,
584 2681 756 2726 Prenves,
777 2686 806 2717 t.
828 2680 901 2724 111,
919 2690 962 2728 p.
982 2677 1048 2714 89.

337 2735 375 2771 2.
406 2737 461 2772 La
493 2735 654 2773 relation
684 2736 733 2775 de
760 2735 998 2775 l’assemblee
1021 2744 1133 2788 porte
1160 2736 1389 2775 neanmoins
1416 2735 1510 2786 qu'il
1546 2732 1684 2772 toucha

278 2795 485 2847 jusqu’aux
503 2795 640 2834 tarmes
655 2795 694 2834 la
714 2796 868 2848 plupart
882 2796 950 2835 des
963 2796 1170 2835 assistants.
