2054 3470
740 302 885 340 mm
910 302 1139 350 Qumws.
1573 307 1644 344 391

240 387 407 438 ditates
433 407 532 438 non
567 390 788 437 minimas
819 388 991 453 algoris
1006 426 1019 448 ‚
1053 399 1193 437 aestus
1222 399 1365 455 atque
1391 391 1620 441 imbrium
1634 431 1647 455 ,

241 467 382 514 etiam
416 467 551 515 famis
581 477 731 532 atque
755 466 953 527 inediae,
980 475 1027 514 et
1060 468 1292 532 penuriae,
1324 478 1372 515 et
1401 473 1654 520 necessarii

242 543 393 591 victus
411 545 736 593 necessitatem
754 543 1026 608 frequenter
1051 545 1330 593 sustinuisse
1355 546 1648 597 ferebantur.

241 622 352 668 Erat
372 622 501 669 enim
519 621 613 668 illic
627 621 820 686 querela
835 621 1057 686 frequens
1071 631 1119 669 et
1133 639 1269 687 paene
1290 623 1496 681 assidua,
1518 627 1651 690 quod

241 708 287 745 et
309 715 513 747 annonae
538 699 725 746 caristia
752 708 800 746 et
829 700 1031 764 penuria
1063 716 1236 764 magna
1262 700 1566 762 laborarent,
1606 714 1656 751 et

240 775 372 840 quod
404 775 465 824 de
498 776 595 823 suis
624 776 809 824 statutis
839 776 1087 842 stipendiis
1125 777 1194 824 eis
1214 777 1420 843 pessime
1445 780 1654 830 solvere-

241 862 317 900 tur
342 870 352 900 :
378 869 484 918 quae
505 870 580 901 res
603 854 821 901 omnium
842 871 977 920 paene
997 854 1086 902 sibi
1112 855 1419 904 militantium
1442 874 1471 905 a
1486 875 1537 906 se
1556 861 1656 908 ani-

240 946 344 978 mos
370 940 419 978 et
453 930 837 979 benevolentiam
865 931 1172 980 distrahebat.
1201 936 1345 981 Fama
1371 934 1516 983 etiam
1546 938 1657 985 satis

239 1006 430 1073 publica
456 1018 505 1055 et
532 1008 724 1073 vulgata
754 1008 1010 1071 serebatur,
1038 1009 1172 1074 quod
1201 1026 1312 1058 raro
1343 1011 1516 1060 milites
1544 1030 1657 1062 suos

239 1084 414 1132 blande
436 1101 491 1133 ac
522 1085 724 1134 dulciter
757 1086 890 1134 assari
922 1097 970 1134 et
998 1086 1287 1153 compellare
1315 1100 1652 1152 consueverat;

238 1162 323 1210 sed
349 1179 458 1225 eos,
483 1164 625 1212 etiam
651 1180 741 1230 pro
765 1163 908 1211 nullis
932 1164 1008 1212 vel
1032 1165 1245 1212 minimis
1269 1165 1445 1225 causis,
1477 1168 1656 1234 asperis

240 1249 287 1288 et
321 1240 560 1289 atrocibus
598 1251 645 1289 et
677 1241 939 1290 immitibus
968 1243 1293 1291 insectabatur
1320 1244 1495 1292 verbis.
1529 1246 1656 1304 Qui-

239 1316 329 1364 bus
349 1318 489 1367 rebus
511 1319 660 1379 datis,
690 1319 880 1368 difficile
911 1330 982 1367 est
1009 1337 1184 1386 magno
1208 1330 1255 1368 et
1277 1321 1461 1369 volenti
1491 1323 1655 1371 animo

240 1395 414 1443 militiae
443 1396 667 1444 duritiam
696 1407 840 1462 atque
870 1396 1052 1445 inedias
1076 1398 1203 1463 pati,
1231 1408 1278 1445 et
1305 1398 1452 1446 vitam
1474 1414 1530 1448 ac
1560 1398 1656 1446 for-

239 1479 378 1518 tunas
409 1472 652 1521 universas
685 1489 776 1538 pro
810 1472 1008 1519 homine
1027 1508 1039 1532 ,
1076 1473 1160 1537 qui
1190 1471 1372 1519 nullam
1404 1471 1467 1519 ad
1500 1489 1583 1520 eos
1606 1490 1655 1520 se

239 1546 621 1597 benevolentiam
662 1548 840 1597 habere
878 1549 1089 1597 ostendit
1103 1585 1116 1610 ‚
1151 1549 1372 1596 extremis
1416 1549 1656 1613 objectare

239 1625 476 1690 periculis.

304 1702 559 1750 Ferebatur
580 1703 722 1750 etiam
743 1702 857 1750 huic
883 1702 1008 1750 cladi
1032 1712 1080 1750 et
1102 1701 1232 1750 aliud
1256 1703 1375 1750 suis¹
1395 1703 1653 1752 infaustum

240 1778 478 1845 adjectum
513 1780 671 1827 fuisse.
706 1784 826 1828 Nam
860 1797 972 1827 cum
1006 1779 1169 1846 plures
1203 1780 1265 1828 de
1296 1781 1392 1828 suis
1425 1781 1654 1845 fugiendo

239 1856 367 1921 apud
395 1857 677 1904 Gebennam
698 1867 780 1905 aut
805 1857 919 1905 alias
942 1874 992 1905 se
1020 1857 1333 1922 recepissent,
1360 1874 1444 1905 eos
1462 1858 1556 1905 loci
1580 1858 1655 1905 in-

239 1933 385 1994 colae,
418 1935 560 1982 simul
587 1952 698 1983 cum
730 1936 922 1982 fortuna
960 1934 1022 1982 ab
1052 1935 1291 1982 anteriore
1323 1935 1656 1985 benevolentia

239 2020 380 2075 atque
435 2013 641 2060 amicitia
690 2012 964 2060 deficientes
987 2049 999 2072 ‚
1047 2010 1307 2059 trucidasse
1359 2012 1651 2061 ferebantur.

241 2092 442 2155 Propter
469 2090 604 2154 quod
625 2101 673 2138 et
699 2089 956 2138 nonnullas
982 2089 1083 2136 doli
1111 2105 1167 2136 ac
1187 2089 1474 2154 proditionis
1499 2091 1654 2156 suspi-

239 2167 424 2226 cioneS,
460 2167 614 2230 ipsam
654 2167 799 2214 etiam
834 2166 1082 2215 Sabaudiae
1120 2165 1359 2215 ducissam
1398 2183 1563 2214 secum
1599 2168 1649 2214 in

239 2245 563 2310 Burgundiam
582 2246 683 2310 ipse
705 2245 801 2292 dux
820 2245 1017 2306 abduci,
1035 2247 1146 2294 licet
1166 2245 1381 2306 invitam,
1409 2255 1552 2310 atque
1571 2245 1653 2292 diu

239 2323 333 2371 illic
354 2323 582 2371 asservari
603 2332 651 2369 et
664 2322 818 2369 teneri
840 2322 989 2369 fecit’.

295 2445 313 2480 1
324 2472 334 2481 .
362 2444 456 2482 Sans
474 2442 591 2481 doute
607 2446 701 2480 satis
719 2454 770 2480 au
783 2441 862 2480 lieu
881 2441 930 2480 de
947 2444 1038 2480 suis.

295 2504 335 2542 2.
364 2506 426 2540 Au
442 2501 602 2540 chateau
621 2501 670 2540 de
687 2504 884 2549 Rouvres‚
906 2502 994 2554 pres
1013 2501 1060 2540 de
1078 2501 1209 2551 Dijon,
1229 2501 1322 2540 d’ou
1338 2501 1412 2540 elle
1431 2499 1586 2539 s'evada
1603 2513 1652 2537 au

242 2561 336 2599 bout
357 2561 405 2600 de
422 2570 557 2613 quatre
576 2575 628 2600 ou
646 2561 735 2612 cinq
754 2560 864 2600 mois.
886 2560 1118 2607 Commines‚
1138 2560 1166 2600 1.
1185 2564 1232 2609 V,
1254 2576 1288 2600 c.
1311 2575 1366 2601 xv.
