2054 3470
409 347 483 384 326
767 347 1107 387 HISTORIARUM
1133 350 1368 388 LUDOVICI
1393 351 1450 388 XI

405 435 637 501 copulatae
659 446 802 501 atque
821 420 1032 497 firmatae,
1053 437 1266 502 profecto
1288 438 1397 486 licet
1419 439 1467 485 in
1487 439 1646 488 multis
1668 457 1806 506 saepe,

406 524 508 561 tum
544 515 747 561 maxime
779 514 1073 562 verificatum
1097 516 1250 580 patuit
1278 534 1288 562 :
1323 516 1457 580 quod
1487 533 1619 564 sacer
1640 518 1811 565 cecinit

336 601 338 603 ’
402 591 611 656 psalmus
637 610 648 638 ε
680 612 702 635 <c
738 593 891 639 Nolite
912 592 1155 639 confidere
1185 593 1234 639 in
1268 593 1561 657 principibus
1583 610 1738 658 neque
1761 595 1810 641 in

401 668 510 716 filiis
544 670 823 730 hominum,
859 670 908 715 in
939 669 1114 733 quibus
1158 685 1255 716 non
1293 680 1363 716 est
1390 669 1532 717 salus.
1579 690 1602 714 >2
1644 670 1810 719 Subito

402 763 606 811 nempe,
645 764 755 793 cum
791 756 921 793 tanta
956 748 1076 793 inter
1111 764 1161 794 se
1193 746 1448 807 charitate,
1481 748 1812 796 benevolentia

399 836 542 890 atque
564 827 770 874 amicitia
792 827 1032 874 conciliati
1063 827 1433 885 aestimarentur3
1471 845 1580 875 cum
1604 845 1701 876 una
1737 838 1811 876 to·

400 902 522 949 tiens
555 903 604 949 in
643 904 875 951 conviviis
905 903 1312 967 splendidissimis,
1352 906 1483 961 omni
1513 906 1812 953 accuratione

401 989 543 1044 atque
567 982 698 1045 regio
721 981 833 1028 luxu
859 981 1113 1045 adparatiS‚
1150 981 1351 1028 comiter
1383 992 1430 1029 et
1457 983 1608 1030 amice
1633 983 1812 1047 epulati

402 1057 619 1118 fuissent,
645 1074 756 1105 cum
785 1058 977 1118 omnia,
1023 1067 1075 1104 ut
1109 1057 1292 1105 dictum
1326 1069 1422 1120 est,
1457 1075 1563 1123 quae
1595 1059 1656 1106 ad
1695 1060 1813 1106 tanti

402 1134 802 1198 magnificentiam
825 1134 1134 1199 exigebantur
1154 1134 1372 1193 honoriS,
1403 1136 1595 1200 quaesita
1618 1146 1664 1183 et
1685 1153 1815 1184 com-

401 1223 563 1277 parata
590 1223 762 1275 essent,
790 1214 854 1260 ita
889 1223 939 1260 ut
965 1213 1042 1260 die
1067 1215 1207 1260 tertio
1232 1213 1480 1260 celebritas
1501 1213 1624 1260 illius
1646 1214 1814 1278 regalis
1877 1219 1891 1229 ‘

401 1288 587 1352 fastigii,
612 1300 659 1336 et
678 1290 924 1355 provectio
947 1290 1061 1337 novi
1084 1290 1206 1354 regis
1239 1290 1450 1354 novique
1481 1291 1656 1337 erectio
1682 1292 1814 1355 regni

403 1366 479 1413 vel
508 1367 706 1427 veteris,
746 1368 845 1430 jam
878 1384 904 1414 e
938 1376 1168 1417 vetustate
1191 1367 1412 1425 obsoleti,
1442 1367 1722 1414 instauratio
1745 1377 1814 1415 at-

403 1461 495 1509 que
527 1445 775 1493 innovatio
798 1445 857 1492 ab
880 1445 1105 1493 omnibus
1129 1462 1237 1492 cum
1261 1461 1434 1509 magna
1452 1445 1716 1493 attentione
1738 1462 1815 1492 ex·

405 1532 732 1587 spectarentur
769 1541 780 1569 t
823 1524 985 1570 nescio
1030 1540 1145 1587 qua,
1187 1540 1271 1570 seu
1304 1522 1540 1570 simultate
1561 1560 1573 1582 ,
1611 1540 1719 1584 seu,
1764 1533 1816 1571 ut

405 1600 561 1646 verius
583 1590 807 1659 arbitror,
828 1599 1090 1647 diffidentia
1112 1601 1186 1647 vel
1204 1600 1393 1647 sinistra
1414 1600 1684 1664 suspicione
1707 1600 1816 1648 sub-

406 1677 544 1737 ortis,
585 1677 846 1741 imperator
882 1677 1143 1742 insperate,
1182 1687 1230 1724 et
1274 1678 1379 1742 ipso
1420 1677 1816 1740 Burgundionum

405 1752 528 1799 duce
550 1770 746 1817 prorsus
770 1754 958 1814 nesci0,
997 1771 1185 1801 summo
1217 1771 1357 1801 mane
1381 1770 1552 1800 navem
1579 1768 1814 1801 conscen⁴

407 1830 543 1890 dens,
565 1830 846 1878 descensum
863 1832 924 1878 ad
946 1831 1162 1878 Rhenum
1182 1848 1265 1896 per
1284 1831 1462 1878 flumen
1482 1831 1685 1878 Mosellae
1705 1832 1817 1878 arri-

408 1907 551 1970 puit¹.
577 1911 634 1954 Et
656 1909 718 1955 ita
743 1909 890 1973 ipsius
912 1908 1047 1955 ducis
1067 1908 1460 1971 Burgundionum
1483 1908 1811 1972 omniumque,

407 1984 488 2047 qui
505 2000 615 2030 eum
634 1985 682 2030 in
705 2002 864 2048 regem
880 1985 1235 2032 sublimandum
1252 1984 1570 2044 crediderant,
1593 2001 1699 2049 spes
1718 1984 1814 2032 fru-

409 2069 552 2107 strata
584 2071 632 2107 et
667 2071 864 2108 vacuata
891 2072 1033 2125 atque
1069 2063 1118 2108 in
1155 2071 1400 2108 momento
1437 2061 1680 2108 exsufflata
1725 2072 1810 2109 est.

474 2139 674 2185 Eramus
710 2149 826 2185 tunc
862 2139 913 2185 in
946 2139 1133 2186 civitate
1169 2139 1462 2194 Treverensi‚
1491 2138 1666 2186 nullius
1699 2149 1816 2188 tunc

410 2214 679 2279 principum
723 2216 1002 2262 comitatum
1040 2217 1218 2275 secuti,
1267 2233 1356 2263 nec
1387 2216 1610 2280 cuiquam
1645 2232 1816 2264 eorum

406 2292 715 2339 inservientes
736 2303 818 2339 aut
839 2295 1014 2341 servire
1038 2294 1308 2341 affectantes
1326 2312 1337 2354 3
1364 2293 1444 2340 sed
1464 2310 1551 2340 nec
1569 2303 1700 2354 tunc,
1726 2309 1816 2340 nec

409 2370 736 2434 postmodum,
772 2371 881 2418 licet
899 2374 1009 2418 satis
1035 2371 1234 2418 sollicite
1258 2372 1318 2418 de
1345 2388 1486 2419 causa
1506 2370 1629 2418 illius
1652 2370 1817 2418 subitae

409 2446 705 2494 discessionis
728 2449 1135 2512 perquisierimus,
1164 2449 1226 2496 ad
1244 2465 1410 2496 verum
1432 2458 1479 2495 et
1500 2457 1682 2495 certum
1707 2464 1815 2495 eam

407 2540 604 2571 noscere
628 2526 885 2590 potuimus.

472 2604 593 2649 Cum
612 2619 727 2649 vero
747 2603 807 2650 de
827 2604 953 2650 dicto
972 2604 1270 2668 imperatoris
1287 2603 1512 2661 discessu,
1535 2603 1689 2649 statim
1707 2612 1817 2668 post

406 2681 499 2728 diei
529 2691 745 2729 exortum
765 2718 777 2741 ,
825 2698 851 2728 a
889 2681 1132 2733 no'nnullis
1166 2681 1293 2728 idem
1325 2681 1424 2727 dux
1455 2682 1628 2728 certior
1666 2680 1814 2728 factus

461 2841 496 2875 1.
529 2841 582 2877 Le
601 2839 651 2875 24
671 2836 884 2876 novembre
903 2840 1019 2880 1473,

2048 3258 2051 3262 Α
2039 3243 2042 3247 “
2043 3218 2045 3222 ·
2042 2994 2054 3174 *armornm-
2050 2965 2054 2972 .
2051 2948 2054 2952 ,
2047 2907 2054 2932 υ,
2050 2840 2054 2850 ..
2052 2790 2054 2797 ,
