2054 3470
702 344 850 381 LIBER
885 343 1155 383 SECUNDUS.
1560 350 1576 385 1
1588 349 1638 385 15

226 435 375 498 ribus,
400 434 575 482 habere
596 442 849 499 poterant,
884 432 1013 497 ipsos
1038 448 1210 498 capere
1240 441 1288 479 et
1316 432 1365 479 in
1390 450 1504 480 usus
1528 452 1640 483 suos

227 523 411 561 vertere
425 528 522 559 non
537 509 821 558 omittebant
837 509 997 575 plures
1013 526 1068 557 ex
1090 509 1386 574 principibus
1403 510 1638 559 factionis.

232 589 370 638 Unde
394 598 442 636 et
465 589 516 635 in
539 588 635 635 suis
657 587 795 635 terris
818 597 866 634 et
887 587 936 633 in
957 587 1139 654 viciniS,
1162 586 1454 652 ubicumque
1471 604 1644 636 manus

229 666 383 733 potuit
413 666 624 726 mittere,
662 664 758 712 hoc
789 681 952 712 comes
984 665 1239 712 Arminiaci
1271 680 1411 729 agere
1444 666 1643 714 minime

229 743 404 792 omisit.
430 742 662 790 Dicebant
684 743 814 790 enim
838 742 1021 790 factum*
1039 743 1278 807 optimum
1300 759 1402 791 esse
1417 781 1428 802 ,
1455 744 1518 804 si,
1546 745 1644 809 regi

229 832 276 870 et
295 820 521 886 pecunias
540 829 590 867 et
611 829 760 867 terras
792 819 1076 881 auferendo,
1118 819 1234 867 illud
1273 819 1364 867 sibi
1399 820 1646 870 subtrahe-

227 907 359 960 rent,
386 897 516 945 unde
541 897 768 945 militibus
792 897 889 944 suis
908 897 1145 963 stipendia
1173 897 1327 945 facere
1348 908 1642 948 consuesset.

292 978 387 1024 Rex
421 984 580 1023 autem
614 993 724 1024 cum
763 974 1042 1023 incendium
1071 991 1212 1039 grave
1245 985 1291 1022 et
1327 976 1648 1040 periculosum

228 1052 317 1101 sihi
339 1053 575 1101 initiatum
603 1062 882 1118 agnosceret
902 1054 950 1099 in
978 1053 1253 1100 Bituricensi
1276 1063 1322 1100 et
1347 1053 1647 1102 Borbonensi

230 1131 498 1189 territoriis,
526 1133 652 1179 et...¹
676 1130 896 1178 nondum
926 1139 1023 1178 tam
1047 1132 1139 1178 cita
1164 1147 1220 1178 ac
1249 1131 1418 1180 festina
1446 1131 1649 1180 aliorum

228 1207 501 1273 principum
537 1208 753 1255 factionis
775 1208 1016 1269 motione,
1050 1208 1378 1271 intellexisset,
1412 1226 1524 1257 cum
1550 1226 1652 1258 ma·

230 1286 335 1350 gnis
356 1286 571 1350 equitum
597 1296 739 1350 atque
758 1285 976 1351 peditum
998 1286 1149 1351 copiis
1164 1285 1226 1333 ad
1250 1296 1399 1335 terras
1417 1287 1518 1335 illas
1543 1304 1655 1352 pro-

233 1378 346 1428 pere
368 1362 683 1428 proficiscitur
697 1365 727 1409 ¹.
760 1362 830 1410 Ad
853 1378 972 1426 quas
1001 1363 1222 1422 veniens,
1261 1363 1442 1428 absque
1476 1381 1652 1427 magno

233 1442 426 1506 negotio
467 1442 630 1490 omnia
677 1441 823 1490 ferme
868 1442 1058 1490 castella
1094 1444 1170 1490 vel
1215 1444 1360 1491 armis
1405 1444 1479 1491 vel
1519 1445 1654 1492 dedi-

235 1521 364 1567 tione
394 1521 592 1585 recepit,
619 1537 724 1585 quae
756 1520 818 1567 ab
856 1537 916 1568 eo
955 1519 1243 1570 defecerant.
1281 1525 1492 1586 Quoquo
1526 1524 1655 1570 enim

235 1597 540 1658 adventaret,
582 1598 728 1644 territi
774 1598 900 1644 cives
950 1599 1147 1646 nomine
1192 1599 1314 1663 regis
1360 1599 1657 1665 militumque

235 1675 447 1740 potentia
478 1675 635 1722 statim
660 1674 952 1723 deditionem
976 1675 1187 1723 fecerunt
1208 1714 1220 1738 ,
1246 1678 1504 1741 praesertim
1526 1688 1656 1743 post-

234 1768 378 1816 quam
415 1752 646 1799 nonnulla
684 1752 942 1817 oppidular,
968 1770 1073 1818 quae
1096 1754 1310 1801 resistere
1342 1771 1656 1820 praesumpse·

236 1840 372 1891 rant,
409 1829 581 1895 praedae
612 1839 756 1894 atque
791 1829 1047 1895 direptioni
1081 1831 1223 1878 fuisse
1253 1832 1467 1897 exposita
1507 1835 1657 1881 maxi-

235 1907 419 1972 misque
453 1906 593 1953 fuisse
635 1906 875 1971 implicata
916 1906 1261 1955 calamitatibus
1304 1920 1651 1973 cognoverunt.

235 1985 483 2032 Civitatem
506 1993 665 2031 tamen
692 1984 1029 2033 Bituricensem
1064 2002 1142 2033 rex
1176 1995 1292 2033 tnnc
1314 1987 1541 2035 intactam
1571 1988 1655 2036 de-

237 2062 454 2125 reliquit,
480 2078 540 2108 eo
574 2062 707 2125 quod
733 2063 834 2125 ejus
870 2064 1168 2128 oppugnatio
1203 2065 1397 2128 majoris
1427 2067 1656 2131 temporis

238 2150 460 2204 moraset
477 2131 715 2188 difficilius
731 2142 1018 2206 exposcebat
1037 2143 1299 2206 negotium.
1328 2147 1432 2191 Non
1452 2144 1654 2193 dubium

239 2217 528 2281 autemaquin
547 2234 628 2264 rex
654 2234 900 2265 armorum
924 2219 1155 2284 potentia,
1178 2235 1277 2267 non
1299 2219 1384 2267 diu
1407 2231 1517 2286 post
1538 2216 1651 2283 hoc,

240 2292 422 2341 &ficem
451 2294 702 2356 Borbonii,
741 2296 823 2359 qui
859 2296 921 2342 de
953 2296 1148 2343 castello
1182 2298 1231 2343 in
1267 2299 1515 2346 castellum
1545 2301 1655 2348 abs-

241 2386 333 2434 que
365 2370 521 2435 aliqua
553 2373 814 2419 resistentia
852 2372 1084 2436 fugiebat,
1119 2375 1254 2421 terris
1289 2376 1384 2422 suis
1424 2387 1470 2423 et
1505 2379 1658 2443 patria

243 2447 516 2511 expulisset,
554 2450 592 2496 si
627 2467 727 2496 non
762 2450 853 2496 alia
888 2451 1106 2513 graviora
1142 2452 1430 2518 majorisque
1461 2455 1659 2520 periculi

242 2539 399 2586 regem
420 2543 530 2573 cum
551 2527 647 2574 suis
670 2528 820 2593 copiis
839 2528 933 2574 alio
952 2527 1187 2576 divertere
1210 2532 1490 2595 coegissent.

309 2603 551 2650 Movet-ant
569 2605 697 2651 enim
722 2605 783 2651 de
801 2606 938 2652 terris
962 2606 1058 2652 suis
1077 2622 1185 2653 cum
1212 2609 1398 2671 magnis
1422 2619 1468 2656 et
1495 2610 1660 2656 validis

300 2782 318 2817 1
330 2809 339 2817 .
369 2783 523 2820 Lacune
541 2782 594 2820 du
616 2791 734 2835 texte,
753 2784 941 2837 quoiqu'il
963 2799 1004 2824 se
1021 2787 1132 2826 suive
1149 2787 1244 2827 dans
1264 2789 1301 2828 le
1318 2803 1388 2829 mS.

302 2841 339 2876 2.
371 2840 446 2878 Mai
468 2843 586 2881 1465.
