2054 3470
390 352 467 389 378
748 351 1088 389 HISTORIARUM
1115 354 1353 391 LUDOVICI
1380 355 1438 391 XI

455 441 575 488 Talis
596 442 754 505 itaque
777 440 1018 488 Ludovico
1040 441 1101 488 de
1123 442 1455 507 Luxemburgo
1475 443 1589 507 (tale
1608 445 1737 492 enim
1755 446 1799 493 ei

390 534 569 566 nomen
596 529 641 566 et
664 519 824 566 titulus
845 519 1077 583 prosapiae
1098 519 1286 583 fuerat),
1305 521 1467 567 comiti
1486 521 1800 571 Sancti-Pauli

389 605 436 642 et
476 595 537 643 de
582 598 740 662 Ligm',
785 596 1091 661 pluriumque
1127 598 1363 645 nobilium
1403 609 1636 648 terrarum
1677 608 1799 647 tem-

391 672 544 736 porali
566 673 814 737 quondam
836 672 1036 720 domino
1051 709 1063 733 ,
1094 674 1443 723 constabulario
1469 677 1697 738 Franciae‚
1729 679 1798 725 vi-

390 759 446 795 tae
478 749 618 813 hujus
650 749 757 796 finis
789 759 931 814 atque
961 751 1110 798 exitus
1140 752 1254 811 fuit,
1293 763 1513 801 currente
1542 770 1671 802 anno
1699 758 1798 802 Do-

389 827 508 873 mini
534 843 890 888 M.cccc.Lxxv.,
914 827 1028 875 feria
1059 829 1196 876 tertia
1234 840 1344 877 ante
1380 830 1509 878 diem
1547 831 1798 879 dominicae

390 904 733 951 Incarnationis
746 906 774 949 ¹.

870 1131 1037 1177 CAPIT
1039 1133 1207 1177 ULUM
1241 1133 1319 1177 lv.

483 1265 640 1304 Invectio
655 1265 816 1312 quaedam
832 1275 954 1301 contra
968 1267 1150 1301 avaritiam
1165 1275 1200 1301 et
1213 1267 1441 1304 ambitionem
1456 1269 1703 1317 temporalium

997 1321 1191 1356 honorum.

450 1437 606 1484 Potuit
630 1447 790 1484 autem
816 1438 999 1484 cunctis
1019 1438 1299 1486 mortalibus
1319 1440 1464 1504 ipsius
1484 1450 1579 1488 tam
1595 1440 1797 1505 probro-

384 1529 463 1560 sus
483 1523 626 1577 atque
651 1515 999 1578 ignominiosus
1016 1525 1213 1563 eventus
1228 1517 1337 1564 satis
1359 1517 1651 1565 documento
1674 1535 1793 1580 esse,

384 1600 437 1637 ut
466 1591 516 1636 in
550 1591 759 1639 culmine
788 1593 1123 1657 temporalium
1150 1593 1434 1656 dignitatum
1457 1594 1531 1642 vel
1559 1612 1798 1659 quorum-

383 1683 589 1731 cumque
608 1678 908 1716 terrenorum
926 1669 1171 1717 bonorum
1191 1670 1432 1719 affluentia
1447 1688 1582 1736 spem
1599 1672 1796 1719 minime

382 1756 566 1809 ponant
584 1747 682 1793 sive
703 1748 1019 1807 constituant3
1040 1764 1316 1812 quanquam
1331 1757 1378 1795 et
1393 1747 1454 1795 de
1471 1748 1796 1796 innumerabi-

381 1821 504 1868 libus
525 1823 626 1870 aliis
645 1824 897 1871 illustrium
922 1825 1134 1872 virorum
1157 1841 1212 1872 ac
1234 1825 1490 1872 mulierum
1511 1825 1720 1874 tristibus
1741 1843 1796 1874 ac

380 1898 608 1947 luctuosis
628 1900 873 1948 eventibus
893 1911 938 1948 et
956 1902 1250 1962 infortuniis,
1276 1911 1323 1948 et
1347 1910 1506 1949 vetera
1520 1938 1532 1960 ‚
1559 1912 1605 1948 et
1626 1918 1793 1949 reeen-

380 1978 501 2025 tiora
523 1979 738 2043 exempla
765 1988 868 2026 toto
895 1996 1030 2044 paene
1053 1979 1171 2026 orbe
1194 1988 1427 2026 terrarum
1447 1978 1640 2042 copiose
1661 1980 1794 2027 inve-

380 2054 472 2100 niri
500 2055 698 2118 possint.
727 2055 855 2112 Quid
877 2056 1006 2102 enim
1034 2054 1281 2102 nobilitate
1304 2055 1487 2118 generis
1509 2055 1601 2101 isto
1639 2055 1796 2103 Ludo-

381 2131 488 2178 vico
505 2141 693 2195 poterat
707 2131 932 2179 illustrius
945 2133 1164 2192 inveniri,
1186 2133 1268 2196 qui
1285 2132 1345 2179 de
1360 2132 1530 2179 illustri
1547 2133 1795 2196 quondam

380 2208 528 2255 domo
563 2209 623 2255 de
659 2209 1012 2274 Luxemburgo,
1051 2210 1112 2258 de
1149 2227 1244 2274 qua
1277 2210 1497 2257 nonnulli
1533 2211 1793 2274 aliquando

379 2287 522 2334 etiam
537 2287 599 2334 ad
618 2287 908 2351 augustalem
930 2289 1120 2353 Imperii
1136 2289 1412 2352 dignitatem
1431 2289 1643 2353 provecti
1661 2299 1789 2350 sunt,
1814 2321 1821 2329 -

379 2364 579 2412 duxerat
602 2365 832 2429 originem
845 2367 875 2411 ².
903 2365 1117 2414 Habebat
1133 2376 1179 2413 et
1202 2367 1302 2431 ipse
1318 2376 1510 2430 neptem
1529 2382 1586 2412 ex
1607 2382 1792 2425 sorore,

379 2441 478 2505 regi
501 2440 758 2488 moderno³
783 2442 1039 2506 Anglorum
1059 2442 1366 2489 matrimonio
1389 2441 1687 2506 copulatam3
1715 2459 1792 2489 re-

381 2518 498 2581 ginae
523 2535 636 2565 vero
663 2520 905 2583 praesentis
930 2523 1223 2567 Francorum
1245 2534 1460 2565 sororem
1482 2527 1529 2564 et
1554 2517 1603 2564 in
1625 2518 1792 2582 conju-

434 2662 473 2701 1.
502 2660 743 2700 C’est-a-dire
761 2660 798 2699 le
817 2661 943 2699 mardi
964 2664 1013 2699 19
1032 2660 1237 2699 decembre
1259 2663 1378 2699 1475.

432 2722 469 2758 2.
502 2720 533 2758 Il
559 2720 650 2759 etait
673 2734 722 2760 en
741 2722 832 2760 effet
853 2721 901 2759 de
919 2722 956 2760 la
976 2735 1062 2760 race
1082 2722 1130 2761 de
1148 2736 1192 2761 ce
1215 2722 1336 2761 Henri
1352 2722 1399 2760 de
1417 2721 1707 2773 Luxembourg‚
1724 2721 1791 2772 qui

379 2779 437 2817 fut
458 2793 662 2831 empereur
685 2781 951 2833 d’Allemagne
968 2795 1017 2820 au
1039 2791 1367 2821 commencement
1384 2782 1434 2821 du
1459 2790 1540 2820 x1v⁶
1559 2782 1687 2821 siecle.

434 2841 472 2878 3.
505 2843 611 2890 Regis
632 2842 799 2877 moderni
818 2840 913 2878 dans
929 2841 965 2879 le
988 2854 1058 2879 ms.
