2054 3470
421 339 496 376 100
779 335 1118 377 HISTORIARUM
1144 333 1379 371 LUDOVICI
1404 334 1462 370 XI

420 425 562 473 tionis
581 441 661 471 seu
682 410 922 471 nonnullae
937 422 1283 489 superstitionis
1299 437 1457 481 causa,
1476 421 1714 486 profectus
1731 432 1817 482 est,

420 502 581 550 relicto
614 501 785 548 Carolo
819 500 960 548 fratre
990 517 1078 547 suo
1111 501 1158 546 in
1189 499 1399 559 civitate,
1435 515 1576 562 quem
1600 510 1817 564 perante,

419 595 725 644 quocumque
765 577 1157 642 proficisceretur,
1188 592 1374 640 semper
1410 591 1437 622 a
1473 592 1560 622 suo
1595 578 1821 625 comitatu

420 655 583 704 abesse
611 654 807 702 minime
835 654 1108 718 permittere
1142 661 1467 699 consueverat.
1505 654 1626 699 Cum
1661 662 1821 700 autem

418 732 597 796 absque
621 731 778 795 aliqua
808 730 869 777 de
893 747 951 776 eo
974 730 1241 794 suspicione
1274 728 1432 776 fuisset
1458 730 1656 776 Pictavis
1685 730 1820 777 relic·

418 819 518 869 tus,
552 825 635 873 per
661 806 918 871 quemdam
941 806 1152 853 nobilem
1174 806 1352 864 virum,
1383 805 1602 852 Odonem
1633 809 1818 864 Darie¹,

418 887 612 935 natione
629 885 959 949 Aquitanicum
982 886 1003 948 (
1022 886 1115 931 ....’
1135 884 1218 931 sed
1236 884 1318 948 qui
1337 893 1443 948 post
1459 884 1643 932 obitum
1665 886 1820 933 Caroli

417 962 540 1025 regis
558 969 606 1007 et
628 959 855 1006 Ludovici
879 959 1224 1019 suffectionem,
1243 958 1304 1005 ab
1317 959 1420 1022 ipso
1438 959 1680 1007 Ludovico
1698 971 1820 1008 statu

417 1048 465 1085 et
493 1036 760 1084 honoribus
787 1035 997 1098 dejectus
1020 1052 1142 1099 quos
1175 1034 1263 1081 sub
1288 1044 1423 1099 patre
1449 1052 1536 1082 suo
1563 1036 1817 1097 habuerat,

416 1115 477 1162 ad
515 1115 686 1161 ducem
726 1112 973 1159 Britanniae
1003 1128 1052 1159 se
1075 1112 1339 1159 contulerat
1362 1122 1408 1159 et
1430 1113 1531 1176 ejus
1559 1130 1608 1160 se
1632 1114 1820 1161 servitio

416 1190 700 1254 addixerat),
721 1189 920 1237 eductus
936 1189 1058 1236 clam
1075 1205 1101 1236 e
1119 1189 1352 1248 Pictavis⁸,
1365 1198 1412 1235 et
1426 1206 1474 1236 se
1493 1199 1716 1237 venatum
1734 1191 1817 1252 ire,

416 1267 661 1315 recreandi
680 1267 842 1330 gratia,
868 1267 1162 1331 confingens,
1187 1267 1237 1312 in
1261 1267 1552 1314 Britanniam
1569 1268 1630 1315 ad
1651 1268 1822 1316 ducem

415 1347 606 1393 concito
628 1345 777 1409 gradu
797 1354 867 1391 est
884 1344 1133 1402 adductus,
1157 1344 1323 1390 volens
1345 1344 1540 1407 quidem
1559 1354 1606 1391 et
1626 1362 1823 1409 magno-

415 1439 527 1488 pere
552 1422 778 1468 affectans
806 1431 936 1468 extra
963 1422 1242 1468 comitatum
1274 1430 1321 1467 et
1343 1437 1540 1468 manum
1568 1423 1640 1468 sui
1671 1422 1823 1470 fratris

413 1499 605 1546 abduci.
629 1499 739 1545 Sine
757 1498 965 1545 honore⁴
980 1499 1127 1556 enim,
1143 1507 1197 1544 ut
1219 1497 1441 1557 diximus,
1461 1507 1508 1544 et
1528 1498 1708 1563 absque
1731 1499 1824 1547 ulla

414 1576 693 1623 auctoritate
725 1574 841 1622 inibi
872 1586 997 1633 erat,
1034 1591 1088 1621 ac
1117 1574 1248 1620 velut
1275 1575 1453 1621 invisus
1481 1585 1529 1622 et
1555 1586 1822 1641 suspectus,

413 1655 618 1701 maxime
642 1653 770 1718 apud
790 1652 1046 1700 nonnullos
1070 1652 1243 1716 impios
1263 1651 1486 1699 homines
1503 1654 1614 1700 satis
1635 1653 1826 1701 humilis

413 1731 730 1792 conditi-oniS,
769 1730 852 1795 qui
885 1745 995 1792 erga
1028 1745 1188 1793 regem
1219 1729 1435 1775 maximis
1467 1731 1744 1777 auctoritate
1778 1739 1825 1777 et

413 1877 506 1908 vent
524 1881 600 1919 que
627 1867 745 1906 Louis
769 1868 827 1905 XI
850 1867 964 1918 partit
986 1866 1035 1905 de
1058 1866 1220 1905 Poitiers
1245 1880 1345 1918 pour
1367 1866 1463 1904 aller
1487 1879 1537 1905 en
1561 1866 1780 1920 pelet-inage
1802 1870 1826 1906 a

415 1930 682 1965 Notre-Dame
705 1925 759 1964 du
779 1928 878 1978 Puy,
900 1939 949 1964 en
967 1925 1110 1974 Anjou.
1131 1928 1206 1962 Par
1223 1925 1457 1976 consequent
1472 1925 1499 1963 il
1518 1926 1686 1964 tour-nait
1702 1926 1739 1965 le
1754 1927 1823 1966 dos

415 1988 438 2024 ὲ
456 1985 494 2024 la
511 1987 726 2038 Gascogne.

468 2046 507 2085 1.
539 2047 615 2084 Son
648 2043 732 2082 vrai
764 2055 856 2080 nom
889 2043 980 2081 ctait
1010 2043 1109 2082 Odet
1142 2042 1326 2094 d'Aydie;
1359 2043 1453 2082 mais
1477 2056 1527 2082 on
1553 2043 1748 2096 l'appelait
1774 2058 1824 2085 en

413 2104 559 2141 France
575 2100 674 2140 odet
692 2101 739 2139 de
757 2101 842 2139 Rie.

469 2163 509 2199 2.
536 2160 568 2198 Il
597 2171 764 2209 manque
791 2158 842 2196 ici
869 2172 922 2196 un
949 2160 1121 2198 membre
1148 2159 1196 2198 de
1225 2159 1363 2211 phrase
1390 2160 1484 2199 dans
1507 2161 1631 2213 lequel
1659 2163 1825 2203 l’auteur

416 2220 545 2260 devait
570 2218 774 2270 expliquer
790 2218 956 2269 qu'Odet
974 2218 1137 2270 d'Aydie
1155 2219 1258 2258 avait
1275 2232 1323 2258 eu
1342 2220 1394 2259 du
1409 2221 1470 2258 feu
1494 2221 1552 2259 roi
1571 2221 1606 2260 le
1625 2235 1822 2262 comman-

415 2282 573 2320 dement
588 2278 636 2317 de
652 2286 738 2316 cent
755 2277 898 2316 lances.

469 2343 508 2379 3.
538 2342 592 2377 Le
610 2341 634 2375 4
652 2351 753 2376 mars
773 2339 891 2377 1465.

468 2402 508 2438 4.
538 2398 570 2436 Il
596 2398 677 2436 faut
699 2396 883 2436 entendre
900 2411 971 2449 par
989 2398 1143 2444 honore,
1165 2398 1220 2436 les
1240 2398 1377 2449 egards
1402 2406 1440 2437 et
1463 2399 1499 2437 la
1517 2399 1822 2451 consideratiom

416 2473 481 2499 car
499 2470 599 2510 pour
620 2470 663 2495 ce
683 2457 749 2507 qui
772 2465 829 2495 est
847 2456 913 2495 des
933 2457 1120 2509 dignites,
1147 2457 1182 2496 le
1202 2458 1336 2509 prince
1360 2458 1450 2496 n'en
1478 2459 1580 2497 avait
1605 2473 1654 2498 eu
1676 2473 1824 2500 aucune

415 2517 468 2556 du
490 2517 622 2555 vivant
640 2516 688 2555 de
707 2530 776 2554 son
795 2518 904 2568 pere,
925 2525 964 2555 et
988 2530 1058 2555 son
1081 2518 1198 2566 frere,
1217 2531 1266 2555 au
1290 2518 1492 2563 contraire,
1516 2519 1647 2558 l’avait
1666 2520 1732 2558 fait
1750 2520 1826 2560 duc

415 2577 464 2616 de
482 2576 605 2623 Berri,
632 2594 649 2610 ιι
667 2589 715 2614 eu
734 2576 868 2627 e'gard,
890 2575 999 2614 est-il
1018 2575 1088 2623 dit,
1106 2575 1201 2614 dans
1219 2576 1274 2614 les
1289 2576 1421 2615 lettres
1441 2576 1711 2626 d'institution,
1735 2582 1754 2618 a
1779 2593 1824 2618 ce

416 2649 492 2687 que
503 2643 631 2673 nostre
645 2635 710 2673 feu
721 2634 899 2686 seigneur
910 2643 948 2673 et
956 2635 1049 2686 pere
1057 2635 1202 2672 n'avoit
1214 2648 1370 2673 encores
1383 2635 1448 2674 fait
1458 2649 1630 2688 apanage
1637 2650 1687 2676 ne
1697 2637 1824 2676 donne

415 2708 506 2733 nom
531 2707 583 2731 ou
606 2693 691 2731 titre
722 2693 769 2732 de
792 2693 1007 2745 seigneurie
1032 2695 1053 2731 a
1076 2701 1205 2731 nostre
1226 2694 1302 2731 tres
1329 2694 1436 2732 chier
1461 2703 1498 2732 et
1519 2699 1595 2734 tres
1615 2697 1700 2734 ame
1722 2697 1823 2735 frere

415 2752 573 2793 Charles
596 2751 645 2790 de
662 2754 822 2794 France.
845 2771 861 2787 -
886 2751 1105 2792 Novembre
1129 2754 1247 2790 1461.
1273 2755 1427 2790 Recueil
1450 2756 1516 2791 des
1545 2757 1820 2803 Ordonnances,

418 2823 447 2854 t.
468 2815 555 2860 XV,
576 2826 615 2864 p.
639 2813 731 2851 208.
