2054 3470
439 341 514 377 236
795 341 1136 378 HISTORIARUM
1164 340 1398 378 LUDOVICI
1425 343 1483 378 XI

502 426 684 484 Quibus
718 427 900 475 illectus
933 426 1330 492 promissionibus
1365 427 1488 474 ferus
1528 438 1574 476 et
1610 427 1840 478 barbarus

431 505 618 569 juvenis
640 504 826 551 animus
842 542 855 565 ,
883 503 945 551 ad
974 503 1068 551 hoc
1103 520 1151 551 se
1181 504 1405 552 daturum
1428 521 1623 553 omnem
1645 524 1841 572 operam

436 581 712 646 spopondit.
742 581 858 639 Sed,
885 597 945 628 ne
970 580 1059 627 sub
1088 581 1276 628 incertis
1304 582 1426 645 regis
1448 583 1841 647 promissionibus

437 658 712 719 fluctuaret,
735 657 966 722 praedictis
999 657 1246 721 transfugis
1274 668 1321 705 et
1350 675 1437 723 per
1471 676 1553 706 eos
1575 661 1674 724 regi
1697 661 1841 726 signi-

438 736 594 783 ficavit
621 736 774 799 quod,
809 746 1064 799 antequam
1101 752 1266 783 necem
1299 736 1567 801 perficeret,
1603 738 1745 786 vellet
1780 739 1841 786 de

436 817 574 862 certis
600 813 956 879 sponsionibus,
997 814 1253 878 expressim
1276 813 1528 878 designatis
1553 832 1639 880 per
1666 816 1841 864 litteras

435 893 579 956 regis,
605 893 753 957 ipsius
774 892 977 955 signatas
996 907 1158 950 manu,
1186 890 1288 938 fieri
1307 896 1540 940 securus¹.
1567 893 1711 951 Quod
1730 910 1841 941 cum

436 970 736 1017 intellexisset
769 986 872 1029 rex,
911 967 1006 1015 hoc
1039 968 1129 1015 sibi
1163 984 1371 1016 annuere
1389 1006 1401 1027 ‚
1438 980 1581 1034 prout
1617 970 1837 1035 petebat,

437 1048 631 1093 minime
670 1046 903 1093 recusavit
946 1055 1027 1093 aut
1064 1045 1242 1092 distulit
1259 1083 1271 1105 ,
1310 1046 1640 1111 expedivitque
1683 1049 1840 1096 statim

437 1126 681 1172 nuntium²
702 1124 784 1188 qui
805 1123 867 1171 ad
888 1140 1000 1170 eum
1021 1123 1136 1170 tales
1157 1123 1351 1183 litteras,
1377 1123 1541 1187 quales
1562 1125 1836 1189 expetierat,

436 1201 661 1260 deferret,
687 1204 925 1265 ingentes,
948 1210 1000 1247 ut
1023 1200 1147 1247 fama
1171 1210 1293 1258 erat,
1319 1201 1658 1265 promissiones
1680 1203 1841 1250 conti-

436 1288 615 1326 nentes.
638 1278 891 1325 Deferebat
912 1287 1071 1325 autem
1089 1287 1135 1325 et
1151 1278 1279 1324 idem
1298 1279 1494 1324 nuntius
1513 1278 1689 1324 litteras
1708 1278 1837 1339 alias,

435 1371 551 1418 quas
574 1355 636 1402 ad
660 1355 886 1402 eumdem
916 1355 1032 1401 alter
1059 1354 1297 1400 dictorum
1333 1353 1682 1417 transfugarum
1702 1353 1842 1401 desti-

435 1433 623 1488 nabat³‚
651 1433 826 1498 quibus
854 1431 943 1479 sub
975 1432 1187 1496 quodam
1210 1431 1468 1477 verborum
1495 1431 1838 1494 integumento,

434 1519 480 1556 et
504 1518 777 1572 tegumento
808 1509 1063 1556 nominum
1094 1507 1354 1556 bestiarum
1370 1544 1382 1568 ,
1410 1517 1463 1554 ut
1494 1516 1678 1555 mature
1704 1524 1842 1555 vena-

434 1588 577 1634 tionis
617 1587 757 1634 solito
799 1597 844 1634 et
888 1596 1074 1634 assueto
1115 1587 1336 1633 exercitio
1378 1585 1668 1645 intenderet,
1706 1595 1754 1633 et
1789 1595 1843 1633 ut

435 1663 686 1712 efficaciter
715 1674 856 1728 atque
881 1664 1120 1711 fructuose
1144 1662 1415 1728 perficeret,
1437 1663 1595 1728 ipsum
1615 1662 1837 1710 adhorta-

433 1741 588 1789 batur.

433 1881 546 1931 apres
569 1879 679 1918 avoir
698 1880 777 1931 pris
794 1879 946 1918 bouche
968 1891 1062 1918 avec
1088 1892 1142 1917 un
1166 1886 1280 1930 agent
1306 1877 1576 1929 bourguignon
1590 1907 1602 1926 ,
1623 1877 1715 1917 etait
1736 1890 1840 1916 venu

435 1942 528 1980 faire
546 1955 598 1979 au
615 1941 675 1979 roi
700 1941 738 1979 13
758 1940 996 1992 proposition
1016 1939 1063 1977 de
1083 1939 1120 1977 le
1139 1938 1383 1977 debarrasser
1400 1938 1448 1976 de
1466 1937 1622 1976 Charles
1642 1938 1680 1976 le
1702 1937 1841 1976 Teme-

434 2000 534 2038 raire
547 2031 558 2048 ‚
579 2009 617 2038 et
637 2000 673 2038 le
692 2000 774 2048 roi,
795 2006 1059 2050 soupconnant
1076 2011 1130 2036 un
1148 1997 1274 2049 piege,
1290 1997 1422 2035 l’avait
1439 1996 1507 2035 fait
1532 1996 1747 2035 incarceret
1762 1999 1784 2035 3
1804 1998 1842 2036 13

434 2059 714 2111 Conciergerie.
726 2059 758 2096 Il
772 2072 798 2109 y
807 2071 830 2096 a
843 2058 1028 2108 quelques
1041 2065 1138 2095 mots
1152 2056 1199 2094 de
1211 2056 1294 2094 cela
1306 2055 1399 2094 dans
1412 2056 1606 2094 l’Histoire
1619 2056 1667 2094 de
1678 2056 1838 2095 Duclos.

435 2121 536 2156 Pour
557 2118 645 2169 plus
669 2117 717 2155 de
743 2117 1069 2169 renseignements
1083 2145 1094 2163 ,
1113 2129 1165 2153 on
1192 2123 1283 2166 peut
1307 2115 1502 2153 consulter
1519 2115 1840 2167 l’interrogatoire

435 2177 482 2216 de
504 2180 600 2216 Jean
618 2180 734 2217 Roes.
754 2179 824 2215 Ms.
847 2175 895 2214 de
913 2179 975 2213 Du
993 2178 1091 2226 Puy,
1111 2175 1191 2213 vol.
1217 2176 1315 2222 762,
1338 2174 1405 2214 fol.
1429 2176 1528 2223 170,
1551 2174 1650 2212 Bibl.
1672 2174 1810 2226 imper.

487 2238 525 2275 1.
542 2236 631 2275 Cela
648 2238 745 2273 n'est
758 2248 824 2287 pas
837 2235 931 2272 dans
947 2234 982 2272 le
997 2234 1194 2272 manifeste
1213 2233 1265 2271 du
1285 2232 1359 2271 duc
1379 2232 1427 2271 de
1448 2236 1694 2285 Bourgogne,
1706 2232 1772 2283 qui
1786 2232 1843 2271 dit

434 2295 646 2334 seulement
663 2307 738 2345 que
754 2294 791 2332 le
805 2293 939 2332 batard
956 2293 1142 2343 Baudoin,
1164 2307 1214 2331 au
1234 2292 1329 2330 mois
1345 2291 1541 2331 d'octobre
1555 2293 1673 2340 1470,
1690 2304 1842 2343 envoya

434 2358 455 2392 J
458 2367 529 2392 ean
541 2354 589 2392 de
602 2354 742 2392 Chassa
754 2353 934 2406 negocier
944 2366 1015 2391 son
1030 2352 1381 2391 accommodement
1391 2364 1485 2390 avec
1500 2351 1536 2390 le
1547 2351 1607 2389 roi
1619 2350 1667 2389 de
1679 2353 1839 2401 France,

435 2422 474 2451 et
492 2413 617 2465 regler
636 2426 679 2452 ce
697 2412 791 2464 qu’il
816 2412 959 2461 aurait,
986 2420 1103 2451 «xant
1127 2412 1175 2450 de
1198 2411 1358 2463 pension
1381 2423 1530 2449 comme
1553 2410 1601 2448 de
1627 2410 1768 2463 charge
1792 2409 1842 2449 de

435 2486 528 2525 gens
544 2472 721 2510 d'armes.
744 2490 762 2506 »ι
1800 2482 1806 2487 ·

489 2534 528 2570 2.
559 2533 610 2570 Ce
631 2534 730 2569 n’est
749 2544 818 2582 pas
845 2545 898 2569 un
923 2530 1111 2569 serviteur
1135 2530 1186 2568 du
1213 2530 1271 2568 roi
1297 2528 1363 2580 qui
1387 2529 1444 2567 fut
1470 2528 1653 2580 expedie,
1676 2529 1771 2567 mais
1788 2532 1843 2567 un

437 2592 626 2630 serviteur
646 2591 695 2629 de
713 2594 809 2629 Jean
833 2591 880 2629 de
903 2591 1064 2637 Chassa,
1087 2593 1110 2628 a
1135 2591 1203 2641 qui
1226 2590 1262 2628 le
1283 2589 1342 2627 roi
1359 2589 1463 2627 avait
1485 2589 1613 2627 donne
1632 2589 1844 2628 seulement

438 2651 504 2690 des
515 2650 759 2690 instructions
771 2650 962 2697 verbales,
974 2659 1012 2688 et
1024 2653 1046 2687 3
1057 2650 1138 2700 qui,
1153 2662 1252 2701 pour
1263 2649 1349 2700 plus
1363 2647 1410 2686 de
1426 2648 1613 2700 garantie,
1624 2661 1693 2687 son
1707 2645 1842 2686 maitre

438 2712 479 2749 fit
498 2711 646 2749 donner
667 2709 832 2748 d'autres
851 2709 1093 2748 instructions
1111 2709 1164 2747 du
1189 2709 1366 2761 seigneur
1386 2707 1434 2746 de
1457 2707 1634 2757 Crussol,
1653 2707 1748 2746 ainsi
1765 2719 1841 2758 que

437 2772 474 2810 la
492 2770 718 2823 compagnie
736 2769 829 2808 d’un
849 2783 946 2822 page
965 2769 1017 2807 du
1037 2770 1160 2808 meme
1178 2768 1345 2807 Crussol.

492 2833 529 2868 3.
560 2833 654 2869 Jean
674 2829 891 2868 de'Chassa.
