2054 3470
426 295 477 332 54
785 297 1127 336 HISTORIARUM
1152 297 1389 338 LUDOVICI
1415 301 1474 338 XI

423 381 583 429 vicum
602 383 849 448 praefatum
865 421 876 443 ‚
902 401 1015 432 cum
1043 385 1262 433 nondum
1291 404 1479 435 menses
1504 403 1583 435 sex
1606 403 1636 436 a
1666 403 1752 436 sua
1781 389 1832 435 in

425 474 625 528 regnum
647 460 981 509 sublimatione
1003 463 1312 511 transiissent.

872 692 1214 740 CAPITULUM
1248 696 1352 741 XVI
1361 729 1372 740 .

422 828 475 862 De
497 825 627 862 foedere
647 827 747 874 quod
767 828 986 864 Francorum
1003 841 1066 864 rex
1089 829 1169 864 iniit
1186 841 1270 864 cum
1294 830 1451 873 Joanne,
1468 842 1549 877 rege
1564 831 1781 878 Amgonum,
1801 838 1836 866 et

469 879 675 914 liberatione
695 880 823 927 reginae
847 881 993 916 obsessae
1018 881 1117 929 apud
1137 882 1342 917 Gerundam
1364 896 1428 931 per
1454 883 1645 919 adventum
1667 884 1838 919 exercitu»

468 932 696 969 Francorum.
1623 945 1625 948 ’

491 1052 672 1100 Eodem
698 1063 856 1101 autem
878 1064 1120 1120 tempore,
1155 1059 1361 1103 Joannes
1378 1093 1390 1115 ‚
1418 1072 1497 1102 rex
1520 1058 1832 1120 Aragonum¹,

425 1130 567 1178 frater
596 1129 774 1176 Alfonsi
803 1131 919 1194 (qui
953 1131 1128 1179 scilicet
1156 1131 1373 1179 Alfonsus
1400 1132 1449 1180 in
1472 1133 1629 1180 Sicilia
1647 1170 1660 1193 ‚
1696 1133 1835 1198 pulso

424 1206 537 1254 inde
569 1216 615 1253 et
642 1207 794 1270 ejecto
822 1210 1033 1268 Renat0‚
1071 1208 1212 1255 simul
1242 1219 1289 1256 et
1318 1210 1367 1256 in
1402 1209 1634 1273 Aragonia
1667 1226 1837 1274 regna·

425 1284 596 1348 verat),
619 1284 792 1332 auxilia
809 1301 837 1333 a
851 1286 1113 1346 Ludovico‚
1129 1289 1420 1334 Francorum
1444 1303 1571 1351 rege,
1596 1287 1838 1351 requisivit

425 1362 650 1410 adversus
673 1363 926 1411 Catalanos
947 1365 1030 1428 qui
1048 1374 1215 1412 contra
1236 1382 1286 1412 se
1307 1364 1651 1413 rebellaverant
1662 1367 1691 1411 ².

490 1440 729 1504 Indignati
753 1442 882 1489 enim
907 1442 1143 1503 Catalani‚
1171 1453 1216 1490 et
1234 1434 1491 1508 praesertim
1516 1443 1838 1491 Barcinonen-

426 1534 499 1566 ses
520 1554 533 1577 ,
572 1519 706 1583 quod
740 1519 870 1567 idem
904 1523 1141 1581 Joannes,
1180 1537 1260 1568 rex
1291 1538 1433 1582 suus,
1470 1520 1745 1580 Carolum',
1781 1537 1838 1568 ex

425 1595 586 1660 priore
618 1596 820 1660 conjuge
848 1613 956 1658 sua,
1000 1599 1192 1663 optimae
1225 1597 1400 1645 indolis
1429 1597 1610 1657 filium,
1648 1596 1839 1645 fraudu-

426 1675 596 1735 lenter,
638 1676 970 1724 novercalibus
1001 1676 1382 1741 suggestionibus
1417 1675 1635 1734 delusus,
1670 1684 1839 1723 contra

426 1752 712 1816 promissam
735 1769 765 1801 a
786 1769 835 1800 se
862 1752 1009 1800 fidem
1042 1754 1334 1801 exstinxisset
1363 1753 1469 1816 (cui
1491 1752 1663 1799 Carolo
1692 1751 1838 1798 iidem

427 1830 800 1878 Barcinonenses
831 1830 977 1878 fidem
1004 1848 1095 1895 pro
1129 1847 1215 1878 sua
1245 1830 1306 1877 de
1334 1830 1478 1894 patre
1496 1829 1744 1876 securitate
1766 1837 1837 1874 at-

427 1921 522 1969 que
559 1906 843 1971 impunitate
879 1906 1259 1967 obstrinxerant,
1297 1906 1438 1953 simul
1471 1922 1583 1953 cum
1616 1913 1717 1952 tota
1749 1907 1838 1952 Ca-

427 1982 655 2046 talonia),
700 1985 822 2048 regis
864 1984 1110 2049 perfidiam
1149 1994 1290 2049 atque
1325 1983 1515 2031 crudele
1549 1992 1596 2030 et
1629 1983 1838 2029 immane

426 2061 738 2125 parricidium
772 2062 1014 2122 detestati,
1051 2071 1218 2109 contra
1248 2078 1359 2108 eum
1380 2060 1668 2108 unanimiter
1691 2058 1841 2106 rebel-

426 2138 600 2184 larunt.
628 2139 721 2196 Qui
749 2155 861 2186 cum
880 2140 1095 2186 aerarium
1112 2139 1251 2187 valde
1272 2139 1555 2204 opulentum
1574 2136 1808 2204 haberent
1823 2172 1836 2196 ‚

428 2214 689 2262 multorum
729 2217 1027 2264 successione
1066 2233 1303 2264 annorum
1353 2216 1413 2262 de
1450 2225 1551 2262 tota
1592 2214 1840 2279 provincia

428 2291 681 2340 collectum
710 2304 758 2341 et
787 2305 1115 2358 aggregatum,
1143 2294 1275 2359 quod
1309 2295 1358 2340 in
1392 2293 1653 2340 Barcinona
1675 2307 1838 2338 serva-

428 2370 602 2431 batur,·
631 2381 729 2418 tam
755 2382 976 2436 potentes
998 2382 1160 2432 erant,
1195 2372 1329 2437 quod
1351 2371 1412 2418 ad
1434 2387 1516 2417 eos
1541 2369 1840 2417 edomandos

430 2457 572 2512 atque
609 2448 963 2511 distringendos
987 2450 1110 2496 vires
1148 2459 1262 2495 tunc
1292 2457 1340 2494 et
1372 2447 1584 2512 potentia
1614 2446 1685 2493 sui
1717 2447 1838 2510 regis

427 2524 568 2588 longe
586 2524 834 2572 inferiores
853 2526 1152 2573 exsistebant.
1176 2524 1501 2583 Quamobrem
1520 2540 1649 2585 cum,
1675 2524 1724 2570 in
1747 2540 1838 2570 no-

483 2681 520 2718 1.
547 2682 647 2717 Juan
664 2682 716 2729 II,
738 2679 797 2717 roi
817 2679 1028 2732 d’Aragon.

483 2740 521 2778 2.
554 2738 796 2778 Rebellarunt
813 2738 907 2778 dans
924 2739 962 2778 le
980 2753 1053 2780 ms·

484 2802 521 2837 3.
552 2802 639 2838 Don
655 2798 811 2847 Carlos,
832 2799 965 2851 prince
988 2799 1037 2838 de
1059 2799 1191 2840 Viane.
