2054 3470
736 327 887 365 m
913 326 1112 364 PRIMUS.
1581 329 1632 364 55

232 419 374 466 vitate
393 418 466 464 sui
485 416 737 474 adventus,
763 413 1015 472 Ludovici,
1035 415 1330 461 Francorum
1353 414 1489 476 mgis,
1514 414 1638 462 fam‘a

231 495 341 543 satis
369 493 565 542 celebris
597 491 728 556 apud
754 491 985 556 plurimos
1022 501 1320 555 percurreret
1336 528 1349 551 ,
1383 491 1467 555 qui
1495 490 1637 538 fidem

232 587 485 636 moresque
528 586 640 617 suos
679 568 897 616 nondum
940 569 1051 615 satis
1093 578 1366 633 compertos
1408 567 1640 616 habebat¹

230 649 357 697 idem
382 661 464 695 rex
481 649 706 704 Joannes,
731 654 782 692 ut
800 644 891 691 sibi
915 644 1198 692 rebellantes
1219 644 1474 693 Catalanos
1494 648 1639 693 Fran-

230 742 397 774 corum
419 724 562 772 armis
582 732 724 787 atque
746 721 928 769 viribus
958 731 1119 786 posset
1140 738 1362 770 coercere
1395 732 1465 783 et,
1500 739 1640 787 repu-

229 811 426 868 gnantes
466 801 575 848 licet
613 837 626 859 ,
674 799 736 847 ad
778 798 868 847 sibi
915 799 1183 864 parendum
1221 809 1269 847 et
1315 799 1642 847 obediendum

228 895 452 928 revocare
468 915 482 939 ‚
521 877 750 926 amicitias
786 887 834 924 et
867 877 1043 925 foedera
1077 894 1186 924 cum
1220 880 1510 926 Francorum
1532 889 1642 942 rege

233 956 474 1005 Dadovioo
497 954 594 1002 hoc
616 954 766 1002 modo
789 955 1025 1002 contraxit
1044 972 1054 1001 ε

293 1032 438 1091 Quod
472 1031 689 1080 videlicet
724 1031 852 1078 idem
884 1035 1180 1079 Francorum
1215 1049 1300 1080 rex
1334 1031 1645 1098 promittebat

230 1110 604 1158 Barcinonenses
622 1109 836 1172 aliosque
859 1108 1058 1156 rebelles
1080 1110 1285 1174 propriis
1308 1108 1577 1175 sumptibus
1597 1119 1645 1157 et

230 1189 459 1238 militibus
490 1190 587 1237 suis
613 1189 676 1238 ad
707 1189 854 1255 ipsius
887 1189 1214 1237 obedientiam
1240 1189 1494 1251 reducere,
1531 1199 1579 1237 et
1599 1191 1643 1238 ei

231 1276 450 1333 parentes
471 1276 614 1330 atque
648 1265 926 1314 obedientes
950 1266 1153 1315 efficere.
1194 1270 1284 1315 Pro
1311 1283 1408 1332 qua
1431 1283 1482 1315 re
1501 1267 1643 1333 perfi-

231 1343 402 1392 cienda
430 1354 478 1391 et
502 1343 777 1391 necessariis
798 1343 1026 1409 impensis
1051 1343 1368 1409 perferendis,
1406 1345 1645 1410 pollicitus

233 1429 304 1467 est
327 1437 411 1467 rex
433 1423 705 1484 Aragonum
728 1437 778 1467 se
801 1420 1023 1467 daturum
1042 1421 1085 1468 ei
1106 1421 1314 1469 ducenta
1333 1421 1479 1469 millia
1500 1422 1644 1470 flore·

235 1511 409 1544 norum
435 1498 498 1544 de
532 1498 794 1561 Aragonia3
834 1507 882 1544 et
914 1507 967 1544 ut
1001 1498 1063 1546 de
1094 1513 1281 1546 summa
1311 1498 1643 1564 hujuscemodi

237 1572 414 1621 idoneo
436 1577 726 1622 Francorum
750 1575 847 1638 regi
867 1584 1062 1622 cautum
1082 1575 1234 1634 fieret,
1261 1576 1481 1640 promisit
1499 1577 1643 1624 etiam

235 1650 325 1698 sibi
369 1651 556 1699 tradere
600 1667 767 1698 omnes
809 1650 1024 1698 redditus
1058 1661 1104 1699 et
1136 1662 1398 1717 proventus
1434 1653 1641 1701 duorum

235 1728 563 1783 comitatuum,
587 1725 863 1775 Rossilionis
879 1729 1056 1775 scilicet
1077 1738 1123 1775 et
1138 1729 1422 1790 Ceritaniae‘,
1442 1746 1529 1794 per
1549 1745 1646 1778 ma-

236 1820 326 1851 nus
360 1821 558 1851 suorum
582 1814 883 1870 receptorum
911 1806 1193 1869 quotannis,
1220 1822 1372 1870 usque
1409 1805 1470 1852 ad
1509 1806 1647 1854 dictae

235 1880 426 1944 integrae
442 1898 638 1929 summae
655 1881 961 1941 solutionem,
974 1881 1202 1929 levandos
1221 1892 1268 1929 et
1284 1883 1643 1948 percipiendos;

235 1957 560 2022 consignando
581 1958 722 2006 etiam
749 1968 796 2005 et
818 1958 1147 2006 contradendo
1182 1959 1232 2006 in
1265 1960 1361 2006 suis
1391 1960 1613 2009 manibus
1631 1998 1644 2021 ‚

236 2035 338 2082 vice
359 2035 569 2100 pignoris
583 2072 596 2095 ‚
621 2036 969 2101 possessionem
991 2046 1037 2083 et
1055 2037 1275 2084 saisinam
1300 2037 1443 2084 trium
1467 2039 1646 2086 arcium

292 2175 330 2211 1.
358 2176 412 2212 Le
430 2173 490 2211 roi
509 2173 702 2227 d'Aragon
721 2187 770 2212 ne
787 2173 946 2226 pouvait
958 2187 1027 2226 pas
1038 2173 1149 2213 avoir
1161 2173 1356 2213 d’illusion
1369 2188 1435 2213 sur
1447 2174 1484 2213 le
1499 2184 1650 2227 compte

237 2231 286 2270 de
301 2232 418 2271 Louis
435 2235 514 2280 xl,
540 2247 606 2272 car
622 2247 672 2272 en
694 2235 796 2272 ¹459
819 2234 845 2271 il
871 2234 975 2271 avait
1003 2233 1070 2272 fait
1092 2247 1145 2272 un
1165 2234 1276 2272 traite
1294 2246 1388 2273 avec
1406 2234 1564 2273 Charles
1579 2237 1650 2274 VII

241 2303 337 2341 pour
352 2291 488 2331 l'aider
511 2294 533 2330 a
551 2292 699 2331 chafier
720 2306 765 2331 ce
783 2293 842 2331 fils
866 2293 1010 2331 rebelle
1024 2324 1034 2340 ,
1056 2302 1094 2331 et
1115 2293 1165 2332 de
1182 2294 1288 2345 plus,
1312 2302 1428 2344 ayant
1445 2294 1610 2333 chen-che
1630 2299 1649 2332 a

240 2350 334 2389 faire
360 2351 512 2390 oublier
535 2361 632 2391 cette
651 2352 857 2391 demarche
880 2353 1036 2403 lorsque
1057 2353 1194 2391 l’autre
1217 2353 1274 2391 sut
1302 2354 1382 2399 roi,
1411 2353 1437 2390 ἱΙ
1466 2353 1569 2392 avait
1598 2367 1650 2392 vu

239 2409 354 2448 Leuis
378 2413 435 2448 XI
447 2441 457 2458 ‚
484 2412 800 2450 non—seulement
818 2424 1023 2463 repousser
1040 2424 1099 2449 ses
1118 2420 1347 2450 ouvertures
1360 2442 1369 2460 ,
1390 2412 1487 2450 mais
1513 2425 1653 2450 encore

242 2466 349 2505 offrir
365 2481 407 2506 sa
427 2470 638 2520 protection
659 2483 736 2508 aux
766 2470 879 2508 villes
903 2470 951 2507 de
979 2470 1200 2523 catalogue.
1225 2470 1326 2509 C’est
1351 2483 1467 2522 parce
1493 2485 1570 2523 que
1597 2472 1653 2510 les

243 2524 352 2564 villes
368 2539 416 2565 ne
437 2529 644 2567 voulurent
667 2542 735 2580 pas
758 2530 891 2567 laisser
912 2529 1120 2580 l’ctranger
1142 2542 1183 2567 se
1204 2538 1341 2568 mettre
1365 2538 1474 2568 entre
1497 2531 1590 2569 elles
1616 2539 1655 2567 et

243 2583 328 2621 leur
343 2587 566 2637 souverain,
593 2601 668 2639 que
693 2589 771 2627 don
793 2591 915 2634 Juan,
936 2601 1008 2639 par
1027 2601 1079 2626 un
1099 2588 1255 2627 marche
1274 2591 1326 2627 οὺ
1344 2589 1371 2627 il
1394 2589 1541 2642 croyait
1559 2590 1652 2640 qu’il

245 2641 419 2694 duperait
434 2645 471 2683 le
486 2647 543 2684 roi
561 2647 609 2685 de
627 2649 794 2696 France,
814 2648 857 2686 fit
878 2656 1036 2686 tourner
1053 2647 1212 2687 celui-ci
1232 2648 1280 2687 de
1297 2662 1368 2688 son
1387 2651 1486 2689 cote.
1506 2649 1651 2699 Cur-ita,

244 2704 384 2740 Anales
413 2705 460 2740 de
490 2708 527 2742 la
555 2720 688 2743 corona
715 2709 763 2744 de
793 2710 966 2758 Aragon‚
1004 2706 1031 2747 Ι.
1065 2709 1176 2756 XVI,
1207 2721 1243 2748 c.
1272 2722 1359 2756 tu,
1391 2716 1429 2746 et
1460 2709 1487 2746 l.
1519 2710 1651 2756 XVII,

245 2773 281 2799 c.
307 2773 414 2798 xux.

298 2820 337 2856 Ξ.
367 2822 439 2859 Les
456 2822 599 2862 comtes
616 2823 665 2862 de
686 2825 906 2865 Roussillon
924 2833 963 2864 et
978 2825 1028 2864 de
1044 2825 1258 2878 Cerdagne.
