2054 3470
413 376 490 412 37⁴
778 374 1121 412 HISTORIARUM
1147 373 1386 410 LUDOVICI
1411 373 1468 409 XI

414 463 618 529 plurima
642 461 840 525 quidem
859 461 992 526 igne,
1016 461 1140 508 ferro
1159 470 1303 527 atque
1319 461 1796 527 rapinis'populantes
1809 500 1823 524 ,

412 556 441 587 a
456 539 722 587 civitatibus
737 539 881 586 etiam
896 542 1143 586 Lausanna
1160 548 1205 586 et
1221 538 1461 586 Gebennis
1479 555 1673 603 magnas
1688 555 1829 604 pecu·

414 617 602 664 uiarum
633 632 844 664 summas
878 625 1204 677 extorserunt3
1231 632 1349 680 quas
1388 633 1499 663 cum
1523 633 1622 663 non
1654 633 1828 681 usque-

411 710 601 758 quaque
623 702 809 758 paratas
835 692 1093 754 haberent,
1123 710 1211 758 pro
1234 694 1302 740 eis
1324 692 1622 741 exsolvendis
1648 693 1711 741 ad
1733 703 1827 742 sta·

413 781 540 819 tutos
572 772 803 819 terminos
839 770 1029 819 obsides
1061 771 1323 832 dederunt,
1350 782 1395 819 et
1423 772 1489 818 ita
1515 788 1615 819 sese
1653 771 1715 819 ab
1749 772 1829 820 illa

411 849 701 896 Suitensium
736 848 977 895 ferocitate
1017 839 1064 895 et
1090 848 1312 913 periculis
1344 848 1606 912 majoribus
1640 866 1828 897 exeme-

411 937 540 975 runt.
1527 973 1533 980 .

475 1007 534 1050 Et
555 1003 771 1068 quamvis
806 1002 1043 1067 principes
1078 1011 1126 1049 et
1159 1011 1294 1049 terrae
1333 1001 1579 1050 Sabaudiae
1594 1039 1607 1063 ,
1644 1005 1829 1069 ipsique

411 1081 650 1128 Suitenses
665 1080 732 1127 eis
751 1078 964 1138 finitimi,
990 1078 1136 1142 longo
1160 1079 1364 1126 invicem
1385 1080 1432 1126 in
1450 1078 1626 1126 foedere
1650 1090 1697 1127 et
1716 1082 1830 1128 ami-

410 1158 521 1205 citia
542 1156 751 1222 copulati
770 1155 1163 1220 permansissent,
1184 1156 1249 1202 ita
1272 1165 1430 1203 tamen
1451 1165 1646 1220 repente
1662 1166 1710 1204 et
1740 1159 1829 1204 mi-

412 1235 541 1282 nime
574 1234 669 1281 hoc
700 1233 911 1280 futurum
944 1232 1291 1297 suspicantibus
1327 1233 1518 1298 populis
1550 1233 1797 1282 Sabaudiae
1813 1274 1825 1297 ,

411 1312 649 1359 Suitenses
671 1311 760 1375 ipsi
797 1311 1112 1356 inveteratum
1145 1309 1301 1357 foedus
1336 1309 1646 1375 abruperunt.
1695 1313 1831 1376 Atqui

414 1403 475 1435 ne
497 1387 546 1433 in
571 1386 665 1433 hoc
687 1384 869 1451 perfide
894 1386 1041 1448 egisse
1065 1394 1373 1449 putarentur,
1407 1385 1541 1433 hunc
1561 1387 1682 1450 juris
1702 1387 1831 1435 colo·

414 1481 516 1511 rem
554 1461 882 1510 obtendebant
923 1481 935 1508 2
975 1461 1110 1526 quod
1152 1462 1338 1509 ducissa
1381 1461 1649 1522 Sabaudiae,
1694 1480 1832 1511 soror

412 1544 701 1588 Francorum
732 1540 852 1603 regis
867 1542 896 1596 ¹,
922 1539 1107 1586 habens
1130 1548 1325 1604 propter
1345 1538 1552 1587 filiorum
1583 1540 1830 1589 minorita-

413 1630 511 1667 tem
535 1617 865 1665 moderamina
887 1617 1049 1682 patriae
1066 1654 1077 1676 ‚
1103 1617 1236 1682 prior
1256 1616 1436 1664 foedera
1455 1617 1699 1673 violasset,
1726 1634 1830 1683 per·

415 1698 606 1745 mittens
640 1711 726 1760 per
759 1711 868 1742 suas
905 1704 1053 1742 terras
1094 1695 1294 1742 transire
1329 1695 1585 1742 nonnullas
1625 1695 1828 1743 militum

415 1775 643 1822 Italorum
659 1773 820 1838 copias
834 1809 846 1832 ,
869 1787 986 1835 quas
1000 1771 1063 1819 ad
1085 1773 1327 1819 servitium
1348 1789 1488 1819 suum
1506 1772 1603 1819 dux
1617 1776 1829 1836 Burgun-

413 1853 503 1901 diae
526 1868 581 1899 ex
603 1851 733 1898 Italia
756 1849 1046 1910 adsciverat;
1074 1850 1207 1913 quod
1229 1859 1396 1897 contra
1417 1849 1622 1914 capitula
1640 1848 1828 1897 foederis

414 1945 515 1977 esse
528 1965 541 1986 ,
567 1938 615 1975 et
633 1927 693 1974 de
713 1927 809 1973 hoc
826 1927 995 1991 saepius
1013 1927 1366 1973 commonuisse
1380 1962 1392 1984 ,
1426 1942 1487 1972 ne
1509 1925 1704 1985 faceret,
1731 1926 1829 1974 aie-

415 2005 549 2052 bant.
570 2008 623 2051 In
638 2021 736 2068 quo
754 2013 945 2050 rectene
961 2012 1009 2050 et
1023 2003 1229 2050 veridice
1250 2012 1572 2063 causarentur,
1592 2018 1653 2049 an
1670 2003 1829 2067 potius

415 2081 511 2128 hoc
545 2079 837 2126 mendaciter
869 2077 1220 2141 confingerent,
1260 2094 1318 2124 ex
1357 2078 1469 2142 ipsis
1503 2078 1829 2126 instrumentis

416 2166 664 2223 pactorum
698 2165 744 2202 et
778 2153 992 2214 foederis,
1025 2154 1158 2218 quod
1192 2155 1315 2201 inter
1349 2171 1398 2201 se
1430 2154 1723 2216 habuerant,
1755 2155 1828 2202 di-

415 2233 579 2298 gnosci
597 2242 642 2279 et
659 2230 907 2295 dijudicari
920 2265 932 2289 ,
955 2231 993 2277 si
1010 2231 1116 2294 quis
1133 2247 1189 2278 ea
1205 2232 1456 2296 inspiceret
1468 2268 1480 2290 ‚
1501 2231 1635 2279 facile
1651 2242 1823 2296 posset.

414 2310 538 2358 Nulli
559 2319 718 2357 tamen
752 2306 955 2355 dubium
983 2317 1131 2355 exstat
1161 2309 1278 2372 quin
1304 2318 1351 2356 et
1374 2309 1463 2373 ipsi
1486 2309 1721 2357 Suitenses
1743 2327 1826 2375 pa-

412 2390 507 2438 lam
543 2387 854 2454 profitentur,
893 2385 1055 2450 quod'
1076 2386 1189 2434 odio
1230 2387 1624 2450 Burgundionum
1659 2386 1822 2447 ducis,

410 2467 488 2515 cui
514 2476 560 2514 et
581 2464 770 2512 ducissa
787 2463 1033 2511 Sabaudiae
1046 2499 1059 2523 ,
1081 2464 1279 2511 etmulti
1299 2464 1360 2511 de
1386 2462 1662 2528 proceribus
1691 2474 1826 2512 terrae

464 2626 499 2662 1.
531 2620 666 2661 C’etait
691 2618 867 2658 Yolande
899 2619 947 2658 de
968 2622 1135 2671 France,
1165 2633 1292 2659 veuve
1311 2620 1364 2658 du
1394 2619 1470 2659 duc
1495 2620 1666 2660 Amedee
1693 2623 1750 2659 IX
1776 2621 1825 2661 de

404 2680 564 2729 Savoie,
585 2688 624 2718 et
642 2687 906 2732 gouvernante
926 2679 978 2726 du
998 2693 1092 2731 pays
1111 2694 1210 2732 pour
1229 2691 1290 2720 ses
1309 2680 1458 2718 enfants
1473 2680 1660 2731 mineurs,
1676 2680 1824 2720 comme

406 2743 443 2781 le
463 2741 520 2779 dit
543 2740 721 2779 l’auteur.

458 2805 498 2840 Ξ.
530 2804 633 2839 Dans
652 2799 688 2837 le
707 2812 775 2837 ms.
801 2813 809 2836 ε
830 2815 848 2832 α
871 2798 973 2837 Nulli
991 2807 1117 2838 tamen
1131 2799 1290 2838 dubium
1304 2808 1425 2838 exstat
1440 2798 1544 2851 quod
1561 2808 1599 2838 et
1611 2799 1820 2852 ipsi,etc...

404 2862 631 2911 profitentur
650 2859 743 2910 quin
762 2857 873 2906 odio,
896 2867 1021 2898 etc....
1049 2875 1067 2893 ι
