2054 3470
351 311 408 345 ⁴⁴4
717 306 1058 346 msTomARUM
1084 309 1322 348 LUDOVICI
1349 311 1408 348 xl

423 394 684 462 Circa-ipsa
711 411 921 460 namque
955 412 1042 445 sua
1073 397 1296 459 exordia,
1323 415 1435 446 cum
1466 400 1612 447 totius
1639 402 1771 466 regni

356 471 679 539 gubernacula
719 483 766 521 et
799 474 1149 540 possessionem
1185 492 1234 524 se
1268 486 1462 524 nactum
1499 479 1768 543 conspexit,

357 560 490 600 tanta
511 552 612 617 ejus
639 560 850 599 mentem
872 552 1142 615 arrogantia
1166 561 1419 619 tantusque
1445 563 1608 602 tumor
1635 555 1773 604 obse-

357 627 450 687 dit,
493 637 545 675 ut
584 645 752 676 omnes
790 628 866 676 vel
904 629 1072 691 Italiae,
1110 629 1184 677 vel
1225 631 1474 694 regionum
1510 633 1771 682 vicinarum

355 706 596 772 principes
640 716 783 772 atque
823 717 1099 772 potentatus
1139 718 1449 757 contemnere
1498 710 1773 777 eisdemque

354 783 480 832 bella
523 784 697 833 inferre
735 784 854 832 velle
900 785 1158 833 videretur.
1204 788 1260 834 Et
1300 787 1510 852 primum
1551 788 1773 853 quidem¹

356 861 467 910 duci
485 862 913 910 Mediolanensium
936 862 1013 911 vel
1036 864 1148 929 ipsis
1164 865 1483 913 Januensibus
1506 865 1608 932 (qui
1630 867 1775 932 paulo

356 948 467 993 ante
492 950 661 988 contra
681 949 866 1006 patrem
899 942 1066 987 suum’
1088 941 1458 1004 rebellaverant,
1486 953 1534 991 et
1555 945 1605 991 in
1638 961 1775 992 mon-

355 1017 479 1064 tanis
500 1017 596 1064 suis
624 1034 730 1065 eam
745 1055 757 1079 ,
785 1033 931 1083 quam
954 1017 1048 1065 illic
1076 1018 1137 1066 ad
1159 1018 1429 1068 domandos
1450 1037 1534 1069 eos
1556 1022 1770 1085 miserat,

355 1094 710 1160 expeditionem
748 1095 1099 1161 protriverant)
1141 1089 1322 1144 bellum
1355 1097 1592 1161 illaturus,
1630 1116 1775 1163 seque

355 1172 417 1219 de
435 1173 640 1238 acceptis
657 1172 841 1219 ulturus
863 1172 1072 1236 injuriis,
1096 1173 1326 1222 illustrem
1337 1175 1564 1223 comitem
1583 1179 1773 1225 Dunen-

355 1265 484 1307 sem,
520 1267 665 1313 quem
701 1260 749 1297 et
787 1249 934 1298 veluti
966 1252 1317 1318 proscriptione
1348 1252 1633 1315 damnabat,
1662 1272 1775 1303 cum

355 1328 533 1375 caeteris
561 1328 713 1393 copiis
739 1327 803 1375 ad
823 1329 1069 1376 Astensem
1087 1330 1326 1378 civitatem
1343 1341 1391 1379 et
1412 1333 1771 1396 Sagonensem’,

355 1421 510 1470 prope
534 1405 670 1452 ducis
706 1404 1072 1454 Mediolanensis
1106 1417 1153 1454 et
1177 1409 1485 1456 Januensium
1518 1410 1745 1457 terminos
1763 1449 1774 1466 ‚

354 1483 424 1530 ire
462 1484 634 1547 coegit.
667 1484 790 1543 Qui,
828 1484 1004 1532 invitus
1038 1485 1148 1532 licet
1184 1495 1231 1534 et
1265 1503 1366 1534 non
1403 1504 1550 1552 parva
1584 1487 1779 1536 affectus

353 1561 524 1625 injuria
539 1598 552 1622 ,
577 1561 659 1608 illo
683 1561 927 1627 profectus
959 1571 1028 1610 est
1062 1572 1110 1610 et
1133 1579 1220 1628 per
1245 1580 1399 1612 annos
1426 1565 1609 1630 aliquot
1624 1602 1638 1627 ,
1669 1564 1776 1613 abs-

353 1654 449 1704 que
480 1638 641 1704 aliquo
681 1656 966 1704 congressu,
993 1649 1287 1702 remoratus;
1313 1636 1493 1702 donec,
1520 1641 1774 1690 adinventa

353 1716 428 1763 via
451 1721 537 1783 per
554 1717 860 1783 prudentiam
881 1735 1040 1780 suam,
1068 1736 1175 1783 quae
1204 1719 1294 1766 sibi
1322 1719 1371 1766 in
1395 1719 1596 1767 Galliam
1617 1729 1663 1767 et
1684 1730 1774 1768 ter-

354 1811 431 1842 ras
453 1812 560 1843 suas
587 1796 796 1844 reditum
818 1797 1042 1861 aperiret,
1062 1796 1242 1844 foedera
1264 1806 1405 1861 atque
1422 1798 1639 1845 amicitiae
1656 1798 1777 1845 inter

354 1889 516 1936 regem
562 1884 610 1921 et
643 1874 817 1922 ducem
854 1874 1114 1922 Mediolani
1153 1875 1386 1940 copulatae
1415 1885 1542 1923 sunt.
1589 1875 1777 1934 Quibus

354 1950 617 1998 conciliatis
636 1989 648 2013 ,
675 1951 803 1998 idem
826 1951 1019 1998 illustris
1053 1969 1216 2000 comes
1243 1953 1479 2000 Dunensis
1501 1954 1549 2000 in
1573 1953 1775 2001 Galliam

355 2028 625 2076 revertendi
651 2028 892 2077 licentiam
917 2029 1202 2094 impetravit.

354 2162 480 2201 Status
510 2172 548 2202 et
574 2163 761 2202 libertatis
790 2172 947 2203 nostrae.
971 2181 987 2198 u
1017 2164 1077 2204 Cf.
1101 2163 1277 2217 Philippe
1304 2165 1353 2203 de
1379 2165 1614 2214 Commines,
1632 2165 1778 2205 edition

353 2221 516 2275 Lenglet
537 2223 772 2275 Dufresnoy,
801 2233 830 2275 t,
850 2227 903 2272 11,
920 2237 965 2277 p.
987 2226 1088 2274 5563
1109 2223 1255 2263 edition
1272 2225 1320 2264 de
1339 2225 1431 2264 Mlle
1449 2228 1630 2278 Dupont,
1653 2233 1681 2264 t.
1702 2227 1775 2272 111.

387 2312 395 2320 .
419 2285 511 2324 338.

355 2296 381 2335 P
412 2345 451 2384 1.
480 2346 534 2381 Le
553 2356 624 2382 ms.
647 2342 831 2383 intercale
851 2344 899 2382 ici
918 2357 972 2383 un
992 2349 1058 2395 qui
1076 2344 1317 2383 absolument
1335 2344 1484 2383 inutile.

409 2404 450 2441 2.
482 2401 573 2440 Voir
595 2402 789 2442 I’Histoire
809 2403 857 2442 de
876 2404 1034 2443 Chai-les
1053 2407 1139 2453 VII,
1159 2405 1186 2442 l.
1208 2407 1254 2453 V,
1280 2404 1341 2444 ch.
1367 2418 1433 2443 xx.

412 2465 450 2502 3.
481 2462 563 2501 Asti
582 2471 620 2501 et
640 2465 786 2513 Saona,
811 2477 863 2502 ou
881 2477 1030 2502 comme
1054 2478 1104 2502 on
1130 2464 1186 2502 dit
1205 2477 1254 2502 en
1272 2463 1435 2514 francais
1457 2466 1525 2501 Ast
1549 2471 1588 2502 et
1610 2465 1773 2502 Savone.

357 2524 510 2562 Savone
522 2522 667 2560 n'avait
679 2535 747 2574 pas
763 2523 830 2560 fait
847 2522 1039 2566 defection
1052 2525 1072 2561 ὲ
1087 2523 1290 2575 l'exemple
1303 2522 1351 2562 de
1364 2524 1505 2573 Genes,
1521 2531 1559 2561 et
1573 2523 1690 2561 Louis
1703 2525 1776 2573 XI,

355 2595 458 2635 pour
486 2595 667 2634 marquer
693 2596 763 2621 son
790 2583 1043 2632 avenement‚
1065 2584 1249 2622 confirma
1273 2585 1338 2632 (26
1357 2583 1514 2622 octobre
1533 2586 1670 2634 1461),
1691 2585 1778 2637 puis

356 2651 563 2695 augmenta
587 2642 635 2681 de
654 2655 863 2681 nouveaux
884 2643 1092 2696 privileges
1120 2647 1185 2692 (14
1207 2644 1410 2683 decembre
1434 2647 1552 2694 1462)
1574 2645 1610 2683 la
1629 2645 1775 2683 consti-

354 2703 480 2741 tution
499 2716 575 2755 que
593 2703 748 2742 Charles
767 2706 839 2742 VII
857 2704 960 2742 avait
985 2703 1136 2743 donnee
1161 2706 1183 2743 ἐι
1213 2714 1310 2744 cette
1332 2705 1445 2754 ville,
1468 2705 1690 2759 gouvernce
1708 2704 1776 2744 des

356 2761 436 2800 lors
455 2775 526 2814 par
545 2762 613 2801 des
632 2762 827 2815 podestats
845 2776 895 2801 au
914 2763 1028 2802 choix
1041 2763 1094 2802 du
1107 2764 1166 2802 roi
1185 2764 1235 2803 de
1247 2767 1406 2803 France.
1431 2766 1697 2804 Ordonnances
1711 2765 1777 2802 des
1828 2776 1835 2783 ·

360 2822 434 2859 mis
451 2824 500 2859 de
518 2824 678 2872 France,
701 2831 729 2861 t.
750 2824 837 2869 XV,
858 2836 899 2875 p.
921 2825 998 2862 137
1017 2831 1055 2862 et
1078 2825 1169 2862 599.
