2054 3470
375 329 425 367 88
736 325 1075 363 HISTORIARUM
1101 325 1338 363 LUDOVICI
1364 326 1420 363 XI

373 430 519 478 quam
539 430 654 462 vero
671 410 868 461 'causam
892 412 1002 460 illuc
1029 412 1157 460 idem
1185 412 1435 461 Bastardus
1463 429 1575 460 cum
1604 424 1783 462 armata

373 493 493 539 fuste
511 495 522 517 ¹
554 491 833 557 appulisset,
862 492 1145 552 sciscitatus,
1180 508 1230 538 se
1258 508 1453 556 prorsus
1490 491 1670 539 nescire
1708 509 1782 539 re-

372 568 589 635 spondjt3
611 585 661 616 se
677 578 724 616 et
736 570 891 616 socios
904 585 1016 615 suos
1031 568 1363 633 stipendiarios
1378 568 1548 615 milites
1561 585 1678 629 esse,
1700 570 1782 634 qui

372 664 402 695 a
422 663 530 710 rege
547 647 663 710 jussi
686 646 884 693 fuissent
907 662 1018 693 cum
1042 646 1123 692 illo
1149 645 1396 708 Bastardo,
1423 646 1671 711 capitaneo
1695 645 1783 693 sibi

372 723 508 783 dato,
541 725 607 771 ire
642 739 949 787 quocumque
974 740 1056 770 eos
1084 723 1258 770 ducere
1281 723 1443 785 vellet,
1476 734 1522 771 et
1544 724 1673 787 jussa
1698 740 1784 772 sua

371 799 621 866 perficere;
652 800 770 864 quid
793 817 906 847 vero
932 816 1070 863 agere
1100 811 1362 866 proponat,
1393 817 1552 865 quove
1583 802 1642 848 sit
1668 818 1782 866 pro-

373 878 602 937 fecturus,
639 895 690 925 se
719 878 915 924 minime
945 877 1172 924 sollicitos
1199 895 1300 925 esse
1338 895 1427 925 nec
1460 879 1673 926 curiosos
1710 880 1783 926 in-

371 955 676 1019 vestigatores
698 972 781 1002 seu
804 955 1104 1018 inquisitores
1128 971 1227 1002 esse
1253 954 1443 1002 debere.

437 1035 540 1079 Hoc
561 1032 702 1097 igitur
721 1032 788 1079 sic
814 1032 977 1080 audito
1005 1041 1052 1079 et
1077 1031 1218 1096 hujus
1245 1032 1314 1079 rei
1341 1048 1533 1079 rumore
1557 1032 1619 1080 ad
1645 1048 1784 1080 aures

370 1109 597 1174 principis
624 1109 831 1174 perlato,
861 1108 1081 1156 admirati
1108 1118 1219 1156 sunt
1242 1124 1409 1156 omnes
1440 1119 1487 1156 et
1515 1108 1626 1156 facti
1655 1109 1786 1157 velut

371 1185 529 1234 subito
561 1186 773 1251 quodam
801 1195 995 1251 stupore
1020 1186 1236 1245 attoniti,
1274 1195 1527 1251 pensantes
1555 1186 1784 1250 quidnam

371 1280 472 1310 esse
505 1273 664 1328 posset
710 1263 843 1327 quod
887 1273 1076 1310 armatae
1111 1279 1282 1321 naves,
1323 1263 1442 1310 nihil
1475 1263 1606 1310 aliud
1638 1280 1784 1328 quam

370 1339 497 1386 viros
531 1348 578 1385 et
613 1355 747 1386 arma
783 1339 1110 1399 continentes,
1150 1355 1178 1386 a
1217 1356 1326 1403 rege
1363 1343 1656 1386 Francorum
1690 1340 1785 1388 illic

371 1414 615 1462 destinatae
649 1425 829 1475 essent,
868 1425 916 1462 et
950 1425 1046 1462 tam
1079 1415 1196 1476 alte,
1236 1415 1359 1463 intra
1394 1415 1544 1462 Rheni
1577 1415 1786 1464 fluminis

293 1491 300 1498 '
369 1493 576 1551 alveum,
600 1507 630 1538 a
652 1492 771 1538 mari
795 1492 890 1539 illic
913 1492 1227 1539 emersissent.
1252 1492 1403 1539 Dolos
1420 1492 1582 1556 itaque
1603 1502 1651 1539 et
1670 1493 1786 1540 insi-

370 1568 474 1615 dias
498 1566 722 1614 omnibus
743 1567 1108 1632 suspicantibus,
1134 1569 1290 1616 statim
1312 1569 1479 1616 arma-ti
1501 1568 1631 1616 missi
1655 1578 1783 1631 sunt,

371 1645 455 1709 qui
478 1660 651 1691 navem
682 1645 731 1690 in
754 1654 897 1709 portu
922 1645 1264 1709 quiescentem,
1292 1662 1402 1693 cum
1427 1644 1651 1704 omnihus
1676 1646 1787 1694 viris

371 1739 493 1786 quos
519 1721 806 1782 advexisset,
838 1721 927 1769 sub
950 1731 1130 1769 arresto
1151 1731 1387 1786 ponerent
1411 1731 1459 1768 et
1479 1722 1527 1768 in
1551 1722 1786 1787 oppidum

371 1798 683 1846 adducerent.

437 1876 582 1933 Quod
611 1892 722 1923 cum
751 1876 817 1922 ita
849 1875 1022 1922 factum
1057 1876 1242 1936 fuisset,
1277 1884 1523 1939 coeperunt
1550 1874 1785 1938 sigillatim

374 1969 541 2000 omnes
567 1953 742 2017 inquiri
765 1952 1014 2015 diligenter
1040 1962 1088 1999 et
1114 1952 1282 1999 sedulo
1310 1967 1528 2015 quaenam
1550 1967 1691 1999 causa
1713 1953 1786 1999 sui

371 2028 484 2076 illuc
502 2029 734 2076 adventus
750 2038 888 2090 esset,
911 2028 1139 2092 quodque
1154 2029 1204 2075 in
1222 2028 1456 2075 mandatis
1471 2044 1498 2074 a
1514 2044 1622 2092 rege
1637 2027 1785 2075 habe-

373 2115 502 2165 rent,
530 2105 595 2152 ob
618 2105 751 2169 quod
773 2104 1154 2169 exsequendum,
1182 2115 1374 2169 portum
1404 2105 1470 2151 sic
1497 2104 1630 2151 illum
1654 2104 1786 2151 clan-

373 2184 537 2230 culum
557 2183 825 2248 petiissent,
850 2181 910 2228 de
933 2198 1022 2228 suo
1045 2181 1252 2229 adventu
1276 2198 1365 2228 nec
1389 2182 1675 2247 principem,
1697 2198 1787 2229 nec

375 2277 666 2326 quemquam
695 2276 894 2307 suorum
927 2259 1257 2306 certificantes.
1284 2259 1568 2324 Capitaneus
1598 2268 1784 2320 autem,

375 2338 452 2385 ille
478 2325 729 2385 Bastardus
751 2337 929 2384 scilicet
954 2337 1014 2384 de
1044 2337 1327 2401 Rubempre',
1360 2336 1527 2384 videns
1554 2336 1667 2397 sibi,
1698 2337 1790 2385 nisi

378 2415 623 2463 veritatem
658 2424 961 2477 agnosceret,
1005 2415 1170 2461 mortis
1207 2414 1457 2461 imminere
1493 2414 1785 2478 periculum,

432 2573 471 2610 1.
501 2574 621 2608 Arma
644 2571 745 2622 fuste
765 2570 860 2609 dans
878 2571 915 2609 le
937 2584 1007 2609 ms.
1030 2573 1156 2608 Fastis
1183 2583 1234 2608 ou
1264 2571 1389 2620 fasta,
1413 2583 1462 2609 en
1485 2570 1602 2609 vieux
1629 2569 1790 2620 franceis

379 2644 449 2667 une
470 2632 585 2680 fuste,
605 2640 643 2669 et
662 2633 749 2681 plus
769 2630 853 2668 tard
873 2644 945 2667 ane
960 2631 1091 2679 sluste,
1111 2639 1168 2668 est
1184 2630 1222 2668 le
1239 2642 1451 2681 synonyme
1471 2629 1519 2668 de
1542 2642 1585 2668 ce
1603 2642 1678 2681 que
1692 2629 1790 2667 l’au-

379 2698 465 2728 teur
485 2689 638 2741 appelle
667 2689 752 2740 plus
776 2689 870 2727 haut
889 2689 1038 2727 subtilis
1057 2692 1205 2740 gallea,
1233 2688 1350 2740 petite
1375 2688 1512 2741 gallee.
1540 2692 1613 2727 Les
1634 2687 1792 2726 chroni—

379 2761 524 2799 queurs
539 2747 701 2799 francais
716 2748 888 2787 donnent
901 2749 938 2787 la
950 2748 1236 2789 denomination
1249 2749 1296 2787 de
1309 2749 1496 2787 bulcinier
1505 2763 1555 2789 au
1567 2748 1702 2788 navire
1714 2759 1790 2799 que

382 2807 541 2846 montait
559 2807 596 2846 le
613 2806 751 2846 Batard
772 2807 819 2846 de
835 2807 1069 2861 Rubemprc.
