2054 3470
417 349 441 384 4
782 349 1122 388 HISTORIARUM
1149 351 1385 388 LUDOVICI
1412 352 1468 388 XI

481 439 596 494 Quae
617 442 726 484 cum
750 437 813 484 ita
836 436 935 484 fieri
957 454 1176 502 proceres
1200 439 1333 502 regni
1354 448 1663 503 agnoscerent
1677 476 1688 498 ‚
1715 427 1824 487 sibi-

414 528 507 576 que
531 514 592 561 ad
615 514 919 562 renitendum
943 515 1328 563 obsistendumve
1352 517 1475 563 vires
1496 517 1690 564 minime
1713 534 1826 582 sup-

411 600 597 654 petere,
649 608 759 638 cum
796 602 895 639 tota
929 593 1071 640 etiam
1109 593 1413 658 stipendiaria
1456 593 1623 640 militia
1659 594 1821 658 regni,

410 665 653 732 ducesque
686 677 733 715 et
770 669 975 732 magistri
1005 669 1210 716 militum
1238 669 1299 716 ad
1331 685 1510 716 novum
1538 686 1722 733 regem,
1760 669 1824 717 ob

408 743 508 807 ejus
555 746 751 808 gratiam
798 747 1166 810 promerendam
1189 784 1200 806 ‚
1248 747 1462 794 certatim
1503 747 1563 794 de
1598 747 1823 795 omnibus

407 822 539 884 regni
561 822 792 887 partibus,
818 823 957 870 simul
980 824 1122 871 etiam
1145 824 1227 889 qui
1250 825 1298 870 in
1323 841 1469 887 regno
1497 824 1711 871 ballivias
1740 842 1821 874 seu

406 898 727 963 praefecturas,
754 900 1051 963 magistratus
1073 910 1119 947 et
1142 900 1360 965 quaelibet
1378 900 1535 948 officia
1561 902 1822 949 tenuissent

405 976 494 1023 sub
519 977 744 1024 defuncto
768 994 900 1040 rege,
936 978 1235 1025 confluerent
1258 978 1318 1025 ad
1345 995 1456 1025 eum
1483 988 1529 1025 et
1548 979 1821 1026 catervatim

405 1065 734 1112 accurrerent,
761 1055 996 1103 siluerunt
1019 1073 1215 1116 omnes,
1245 1056 1386 1103 ctiam
1412 1056 1449 1102 si
1471 1056 1580 1120 qui,
1607 1055 1820 1103 obsecuti

403 1142 600 1195 perante
634 1133 780 1197 patris
801 1133 1079 1192 voluntati,
1120 1133 1343 1193 libentius
1377 1132 1600 1193 Carolum
1630 1133 1820 1180 fratrem

397 1208 639 1272 juniorem
663 1226 809 1274 quam
834 1211 1130 1258 Ludovicum
1161 1210 1403 1257 sublimari
1439 1211 1486 1257 in
1519 1227 1678 1272 regem
1710 1228 1819 1275 pro—

401 1288 672 1351 spexissent.
690 1288 865 1336 Videns
880 1299 1039 1337 autem
1050 1290 1147 1355 ipse
1163 1289 1553 1352 Burgundionum
1569 1289 1663 1335 dux
1678 1289 1818 1337 talem

401 1365 621 1411 omnium
672 1365 1020 1429 regnicolarum
1067 1383 1356 1413 concursum
1405 1365 1467 1413 ad
1514 1365 1817 1413 salutandum

400 1442 851 1507 suscipiendumque
880 1443 1177 1490 Ludovicum
1202 1444 1250 1490 in
1285 1460 1442 1507 regem
1473 1453 1817 1509 promptosque

399 1519 618 1565 omnium
643 1520 829 1566 animos
861 1530 907 1567 et
942 1520 1132 1568 sedulos
1165 1521 1224 1567 ad
1261 1521 1303 1567 ei
1336 1520 1601 1584 parendum
1633 1530 1680 1567 et
1704 1519 1818 1568 obe-

399 1594 630 1642 diendum
661 1596 754 1660 (ad
789 1613 934 1661 quem
967 1597 1108 1661 legati
1150 1606 1196 1644 et
1235 1597 1588 1662 provinciarum
1622 1607 1668 1644 ct
1705 1597 1816 1644 insi·

397 1673 618 1737 gniorum
639 1690 1058 1739 quarumcumque
1076 1674 1319 1721 civitatum
1340 1675 1484 1721 totius
1506 1675 1655 1738 regni,
1678 1674 1813 1721 alteri

397 1751 568 1799 alteros
590 1754 850 1816 praevenire
882 1763 1115 1800 certantes
1133 1791 1143 1810 ‚
1170 1753 1385 1817 quotidie
1406 1753 1715 1816 veniebant),
1753 1753 1813 1800 de

396 1827 638 1876 voluntate
672 1839 718 1876 et
751 1847 987 1876 consensu
1022 1830 1251 1877 Ludovici
1284 1829 1508 1876 mandata
1541 1830 1670 1894 prius
1702 1847 1728 1877 a
1763 1847 1812 1877 se

398 1905 565 1951 emissa
611 1907 889 1970 temperavit
928 1943 939 1965 ‚
997 1916 1248 1953 contentus
1299 1905 1635 1952 tantummodo
1681 1917 1810 1953 certo

398 1998 617 2038 numero,
638 1983 873 2047 praecipue
895 1993 1126 2030 terrarum
1145 1999 1338 2029 suarum
1364 1981 1636 2039 nobilitatis,
1665 2000 1808 2047 quem

398 2058 458 2105 ad
481 2060 569 2106 tria
591 2070 672 2106 aut
693 2069 899 2123 quatuor
922 2060 1066 2107 millia
1089 2059 1303 2123 equitum
1319 2096 1331 2118 ‚
1364 2058 1426 2105 ad
1444 2076 1602 2123 regem
1627 2077 1807 2107 novum

397 2135 734 2184 honorandum
758 2147 900 2201 atque
923 2137 1226 2197 sociandum,
1253 2136 1456 2201 collegit.

864 2243 891 2280 ὁ

886 2366 1224 2411 CAPITULUM
1259 2367 1315 2410 ΙΙ.

395 2501 447 2534 De
464 2499 653 2534 inimicitiis
667 2507 701 2532 et
716 2497 800 2532 odio
814 2498 896 2532 novi
912 2499 1001 2544 regis
1015 2498 1061 2533 ad
1078 2498 1249 2544 quosdam
1265 2499 1371 2534 duces
1385 2508 1566 2547 paternos,
1580 2508 1614 2534 et
1635 2499 1806 2547 exsequiis

450 2553 541 2601 patri
557 2551 724 2587 defuncto
740 2551 838 2586 sactis
855 2564 875 2585 a
892 2564 946 2594 se,
965 2561 997 2586 et
1014 2564 1187 2586 concursu
1201 2552 1298 2587 vario
1316 2553 1569 2599 regnicolarum
1591 2552 1636 2587 ad
1654 2565 1749 2587 euin.

459 2689 578 2734 Cum
622 2686 780 2748 itaque
820 2683 879 2731 ad
923 2700 972 2730 se
1008 2699 1292 2730 concurrere
1330 2701 1496 2732 omnes
1541 2684 1802 2749 regnicolas

394 2765 493 2829 ipse
517 2761 785 2810 Ludovicus
812 2770 1116 2824 agnosceret,
1157 2761 1339 2825 sibique
1372 2762 1517 2808 duces
1546 2779 1601 2809 ac
1631 2762 1801 2808 milites

392 2852 615 2908 paternos
633 2857 682 2888 se
704 2839 953 2888 ostendere
970 2839 1185 2899 devotos,
1208 2849 1255 2886 et
1271 2856 1355 2904 per
1371 2839 1465 2887 hoc
1488 2841 1726 2887 neminem
1749 2855 1798 2886 se
