2054 3470
354 292 405 327 26
722 287 1065 328 HISTORIARUM
1091 287 1329 326 LUDOVICI
1355 288 1412 324 XI

353 387 445 440 set,
479 377 708 446 regnique
742 375 1063 441 gubernacula
1104 374 1381 424 moderatus
1415 375 1578 423 fuisset
1598 411 1612 438 ,
1644 375 1778 424 illico

354 471 599 504 suasorem
619 453 877 516 refellebat,
902 470 953 501 se
969 463 1017 501 et
1039 469 1200 517 regem
1224 470 1327 501 esse
1346 454 1536 514 dicenS,
1569 463 1640 514 et,
1671 470 1776 517 quae

354 533 583 591 liberent,
611 532 800 580 efficere
828 548 968 597 posse
992 548 1003 577 z
1033 548 1134 578 non
1165 530 1373 579 multum
1397 531 1458 579 ab
1483 531 1564 578 illa
1584 531 1776 595 tragici¹

353 610 620 659 abhorrens
655 610 915 670 sententia,
949 628 971 654 «
998 608 1130 673 quod
1158 609 1263 656 Jovi
1290 607 1385 656 hoc
1414 609 1512 672 regi
1541 607 1685 675 [licet]
1702 645 1715 670 ,
1747 627 1772 653 »ι

354 698 400 736 et
422 689 537 736 item
566 706 576 734 ε
608 709 631 731 «
658 691 767 746 Quo
789 687 925 752 juvat
948 703 1080 750 reges
1102 696 1229 734 eant.
1257 706 1280 731 »

419 765 606 823 Quibus
628 765 729 829 ejus
752 765 1009 829 compertis
1032 763 1266 825 moribUS,
1292 763 1374 811 illo
1398 774 1502 811 astu
1517 763 1646 828 apud
1665 779 1775 810 eum

353 843 515 908 plures
539 842 674 890 abusi
697 851 825 902 sunt,
851 852 921 903 ut,
948 841 1067 888 dum
1092 840 1271 905 aliquid
1295 841 1356 888 ab
1376 858 1434 889 eo
1458 841 1687 905 consequi
1704 856 1777 888 sa·

353 931 584 986 tagerent,
611 930 664 967 ut
688 930 856 985 optato
869 920 1157 984 potirentur,
1186 935 1211 965 a
1231 929 1365 984 patre
1379 936 1466 966 suo
1482 919 1779 966 contrarium

354 998 457 1046 fieri
483 998 678 1045 solitum
714 1014 815 1044 esse
846 996 1165 1053 affirmarent3
1202 996 1285 1043 sed
1308 1013 1420 1043 cum
1448 997 1513 1042 ita
1547 996 1777 1043 exstitisse

353 1086 569 1142 putaret,
600 1076 898 1123 contrarium
928 1075 1055 1122 illico
1079 1074 1231 1121 facere
1261 1071 1582 1134 decernebat;
1609 1082 1658 1119 et
1681 1073 1773 1130 sic,

355 1171 466 1201 cum
490 1153 573 1201 tali
594 1154 781 1201 cautela
803 1152 904 1199 voti
934 1168 989 1199 ac
1014 1150 1235 1198 desiderii
1269 1159 1539 1215 compotes,
1575 1149 1778 1197 abcede-

353 1230 489 1278 bant.
506 1231 627 1277 Miro
641 1230 771 1277 enim
781 1228 930 1276 modo
949 1228 1172 1292 genitoris
1182 1227 1308 1275 facta
1319 1243 1516 1292 carpere
1536 1235 1583 1273 et
1599 1225 1776 1273 eisdem

354 1325 404 1356 se
426 1318 596 1356 contra
619 1309 689 1355 ire
711 1307 833 1354 velle
859 1306 1143 1354 ostendebat
1169 1325 1179 1352 :
1206 1314 1326 1370 puto
1349 1305 1463 1369 quia
1478 1341 1490 1363 ,
1515 1304 1632 1351 dum
1649 1304 1779 1351 vive-

355 1396 442 1447 ret,
469 1387 616 1451 ipsius
638 1385 924 1432 correctioni
947 1393 995 1431 et
1017 1382 1345 1431 emendationi
1357 1381 1594 1428 incubuit.
1622 1383 1780 1438 Quam

355 1480 467 1510 cum
500 1463 722 1523 minime,
761 1472 960 1527 propter
993 1462 1094 1525 ejus
1128 1459 1509 1507 inobedientiam
1540 1457 1780 1522 simulque

277 1599 281 1606 Ἰ
354 1540 488 1606 quod
517 1557 544 1588 a
573 1540 972 1605 Burgundionum
994 1538 1249 1586 fovebatur
1268 1536 1391 1583 duce
1413 1535 1496 1600 (ad
1525 1551 1671 1600 quem
1693 1551 1779 1601 pa-

354 1631 537 1669 ternam
558 1621 804 1669 declinans
820 1619 1170 1667 correctionem
1186 1615 1501 1680 confugerat),
1519 1623 1679 1680 posset
1690 1630 1780 1680 pro

354 1709 470 1746 voto
493 1699 845 1747 correctionem
870 1697 1047 1745 scilicet
1080 1706 1223 1760 atque
1255 1692 1644 1741 emendationem
1671 1708 1780 1757 per·

354 1775 522 1836 ficere,
549 1776 610 1824 de
640 1777 787 1842 ipsius
815 1773 1199 1823 exhaeredatione
1233 1770 1475 1835 cogitavit.
1513 1772 1696 1827 Quam,
1727 1778 1781 1815 ut

353 1854 478 1901 fama
498 1854 612 1913 fuit,
640 1853 938 1919 perfecisset,
963 1851 1054 1899 nisi
1078 1848 1430 1914 quorumdam,
1459 1847 1543 1911 qui
1571 1846 1707 1910 juxta
1728 1861 1778 1893 se

353 1931 569 1993 aderant,
595 1931 849 1978 consilium
877 1929 1151 1976 obstitisset.
1179 1928 1235 1973 Et
1256 1932 1509 1990 propterea
1534 1932 1661 1987 gesta
1684 1921 1777 1969 de-

354 2019 578 2074 cretaque
607 2008 798 2056 abolere
834 2008 883 2055 in
918 2006 1203 2069 irritumque
1225 2002 1464 2050 deducere
1485 2017 1576 2065 pro
1599 1999 1780 2047 viribus

355 2086 619 2151 satagebat,
649 2086 872 2150 cupiens,
914 2082 1123 2148 paternis
1157 2078 1394 2126 officiariis
1430 2087 1575 2142 atque
1603 2075 1780 2123 militiae

355 2164 558 2212 ducibus
581 2163 753 2211 amotis
777 2162 974 2226 aliisque
997 2157 1228 2219 suffectis,
1260 2172 1465 2220 regnum
1485 2170 1669 2201 novum
1690 2169 1780 2200 cu-

358 2242 473 2290 dere
496 2251 545 2289 et
565 2242 788 2288 formare.

424 2320 661 2368 Comitem
696 2318 833 2365 illum
860 2319 1162 2373 Dunensem,
1196 2312 1355 2359 virum
1386 2309 1702 2357 clarissimum
1734 2315 1781 2353 et

358 2399 442 2464 qui
464 2397 691 2445 adversus
714 2395 933 2459 Anglicos
947 2409 1002 2440 ac
1022 2389 1389 2454 Burgundiones
1403 2387 1538 2451 regni
1556 2385 1780 2432 defensor

359 2475 712 2523 strenuissimus
742 2482 885 2535 atque
920 2469 1061 2517 etiam
1097 2475 1404 2532 recuperator
1426 2474 1473 2511 et
1495 2464 1781 2511 instaurator

359 2553 539 2612 suerat,
566 2549 656 2599 sub
685 2549 889 2596 obtentu
923 2544 1119 2610 regendi
1142 2553 1283 2607 atque
1311 2541 1475 2588 tuendi
1497 2540 1779 2588 comitatum

361 2635 606 2679 Astensem
627 2628 677 2675 in
701 2623 1123 2679 Pede-Montium²‚
1152 2636 1299 2683 regno
1323 2618 1519 2684 expulit,
1545 2627 1592 2664 et
1610 2616 1692 2664 illo
1711 2616 1780 2662 in-

418 2754 457 2790 1.
490 2750 665 2800 Se'neque
682 2747 720 2787 le
738 2746 929 2800 tragique.

417 2814 457 2852 2.
487 2813 541 2850 Le
560 2808 686 2849 comte
705 2808 835 2854 d-’Ast,
856 2818 906 2845 en
925 2804 1123 2851 Piemont,
1147 2802 1229 2842 seul
1253 2812 1434 2840 morceau
1451 2798 1500 2837 de
1519 2810 1590 2837 son
1606 2795 1778 2848 hen‘tage
