2054 3470
393 341 469 378 322
749 338 1093 377 HISTORIARUM
1119 337 1355 375 LUDOVICI
1381 337 1438 373 XI

391 428 600 475 eminere
620 426 876 474 videretur.
899 428 1019 474 Cum
1042 426 1326 489 imperatore
1350 436 1449 471 tum
1472 425 1613 472 etiam
1634 424 1795 475 adsue-

390 515 502 553 runt
534 505 584 551 in
618 502 870 567 magnifico
893 512 940 550 et
961 502 1233 550 honorabili
1265 511 1388 549 statu
1410 502 1567 566 plures
1601 502 1796 549 Germa-

387 583 476 630 niae
499 583 762 648 principes,
790 591 887 628 tam
911 580 1135 627 electores
1159 580 1286 629 Sacri
1313 579 1501 643 Imperii
1528 594 1671 642 quam
1695 578 1791 638 alii,

387 677 509 725 quos
527 660 785 724 imperator
808 658 867 705 ad
891 674 940 704 se
962 657 1241 704 sociandum
1262 656 1554 703 accersierat.

451 741 563 785 Erat
594 738 853 802 imperatoi
881 735 1183 800 hospitatus
1171 751 1221 781 m
1252 735 1426 799 palatio
1455 710 1796 798 archiepiscopi

385 815 696 875 Treverensis,
735 813 832 860 dux
855 829 968 859 vero
995 811 1275 875 Burgundiae
1298 821 1427 859 extra
1449 828 1612 858 muros
1634 810 1794 857 civita-

387 894 470 952 tis,
495 894 544 939 in
568 891 859 938 monasterio
882 889 1326 948 Sancti-Maximini,
1355 888 1488 951 cujus
1517 896 1796 952 procurator

385 980 431 1017 et
454 978 697 1034 protector
717 983 817 1014 esse
840 966 1003 1026 fertur,
1033 966 1092 1013 ad
1118 982 1307 1013 causam
1327 975 1459 1012 terrae
1479 982 1573 1012 suae
1595 967 1795 1012 Luxem-

386 1046 649 1110 burgensis.

452 1125 600 1186 Igitur
621 1138 731 1169 cum
755 1121 936 1185 aliquot
963 1119 1289 1167 detrivissent¹
1318 1120 1366 1166 in
1397 1135 1451 1166 ea
1479 1119 1666 1167 civitate
1696 1119 1797 1167 dies

388 1216 488 1247 sese
513 1199 718 1246 vicissim
745 1197 999 1257 visitando,
1026 1207 1077 1244 ut
1105 1198 1181 1261 jus
1211 1214 1266 1244 ac
1295 1197 1456 1244 titulus
1477 1196 1610 1244 ducis
1643 1197 1703 1244 in
1713 1197 1796 1245 illo

388 1277 565 1324 ducatu
588 1275 816 1335 Geldriae,
835 1292 979 1339 quem
997 1291 1166 1339 nuper,
1192 1284 1243 1320 ut
1266 1274 1493 1334 diximus,
1524 1275 1667 1321 armis
1687 1290 1799 1321 con-

390 1355 611 1419 quisierat
631 1388 645 1412 ‚
691 1352 839 1417 magis
885 1368 941 1398 ac
986 1352 1133 1414 magis
1173 1351 1262 1398 sibi
1306 1345 1613 1398 invalesceret
1657 1363 1800 1416 atque

389 1431 693 1490 validaretur,
722 1429 873 1476 voluit
897 1428 1030 1475 illum
1054 1428 1114 1475 ab
1143 1429 1456 1493 imperatore,
1479 1438 1708 1492 tanquam
1728 1445 1800 1475 su-

391 1522 557 1572 premo
600 1505 727 1552 feodi
764 1504 989 1563 domino,
1037 1505 1269 1568 recipere,
1308 1514 1451 1568 atque
1490 1504 1694 1551 hominii
1730 1521 1800 1552 sa-

391 1591 634 1629 cramento
677 1598 766 1646 pro
813 1598 872 1628 eo
917 1581 1124 1646 praestito
1145 1619 1158 1641 ,
1208 1580 1268 1627 de
1312 1580 1482 1627 eodem
1528 1581 1802 1628 solemniter

393 1659 619 1706 investiri.
646 1662 749 1705 Hoc
772 1658 966 1723 quidem
988 1658 1357 1723 praedecessores
1377 1658 1545 1722 aliqui,
1572 1659 1653 1722 qui
1671 1675 1803 1705 eum-
1863 1675 1867 1678 ’

393 1737 503 1784 dem
552 1737 781 1784 ducatum
832 1736 1243 1797 administrarant,
1297 1735 1448 1782 facere
1503 1726 1802 1800 contempse-

394 1826 501 1862 rant
536 1816 612 1862 vel
647 1815 961 1878 negligentius
996 1814 1406 1878 praetermiserant.
1443 1816 1641 1877 Propter
1670 1812 1801 1875 quod

393 1894 483 1957 ipsi
511 1895 721 1955 Augusto
750 1908 806 1939 ea
831 1891 965 1938 ducis
1000 1890 1271 1937 obedientia
1312 1890 1487 1953 gratior
1521 1888 1798 1948 exsistebat;

394 1968 530 2031 cujus
574 1969 716 2014 etiam
765 1983 892 2014 nova
933 1968 1232 2027 investitura,
1273 1976 1500 2029 tanquam
1547 1965 1802 2030 imperialis

395 2044 523 2092 feodi
558 2044 673 2090 olim
707 2043 769 2091 ad
805 2060 855 2090 se
886 2060 943 2089 ex
974 2059 1299 2107 possessorum
1342 2043 1557 2106 neglectu
1595 2043 1801 2106 legitime

393 2121 604 2168 devoluti
622 2157 634 2180 ,
676 2122 783 2184 jure
826 2120 1086 2166 firmiorem
1130 2120 1320 2166 titulum
1361 2119 1472 2166 duci
1515 2120 1801 2183 acquisitura

392 2199 664 2264 putabatur.

458 2277 603 2340 Igitur
619 2285 672 2322 ut
688 2274 920 2322 celebrius
942 2274 1276 2339 hujuscemodi
1294 2275 1631 2325 investituram
1653 2291 1803 2321 sacra-

393 2354 542 2400 menti
563 2353 763 2399 hominii
797 2352 1058 2416 praestatio²
1090 2352 1272 2398 cunctis
1303 2352 1669 2411 innotescerent,
1703 2360 1801 2398 tam

393 2426 455 2477 ad
476 2429 729 2494 augustalis
752 2429 1178 2476 manifestationem
1215 2438 1260 2474 et
1295 2427 1706 2474 conservationem
1727 2427 1801 2474 di-

395 2508 607 2571 gnitatis,
646 2523 791 2570 quam
832 2507 975 2553 etiam
1006 2506 1153 2570 ipsius
1190 2504 1324 2551 ducis
1350 2505 1469 2568 juris
1504 2514 1646 2568 atque
1680 2504 1800 2551 tituli

394 2586 625 2650 majorem
645 2584 998 2644 notorietatem,
1028 2583 1159 2646 jussu
1186 2581 1482 2646 imperatoris
1504 2581 1798 2644 deJectorum

445 2741 484 2794 1}
514 2755 732 2793 Detn'oisset
749 2752 844 2791 dans
863 2752 899 2790 le
917 2765 989 2792 ms·

446 2815 484 2853 2.
516 2816 688 2852 Pamtio
710 2813 804 2851 dans
824 2812 860 2850 le
880 2824 950 2849 ms.
