2054 3470
703 332 849 370 LIBER
886 331 1154 370 SECUNDUS.
1554 331 1628 368 107

228 424 426 480 sien-unt,
448 420 532 467 sed
553 419 694 467 etiam
720 417 1077 464 occasionaliter
1101 416 1396 464 infinitorum
1419 415 1630 464 fidelium

228 497 564 565 persecutionis
586 533 598 556 ,
640 505 688 543 et
721 496 1018 542 cruciatuum
1049 496 1292 543 variorum
1329 504 1470 558 atque
1502 497 1631 542 necis

228 592 390 626 causas
410 572 705 623 excitarunt?
724 573 842 631 Quis
869 583 1069 620 conatus
1098 572 1477 621 Christianorum
1499 573 1632 637 prin-

227 655 386 720 cipum
407 661 454 700 et
473 660 644 699 sanctae
674 650 892 697 Ecclesiae
920 652 1036 711 Dei,
1077 650 1138 698 ad
1169 649 1547 714 recuperandam
1569 650 1631 698 ab

226 728 496 778 infidelibus
521 731 712 775 Terram
741 729 986 787 Sanctam,
1021 727 1288 792 culpandos
1317 736 1459 791 atque
1495 727 1631 774 dam-

226 805 411 855 nandos
436 804 608 852 dixerit
624 841 636 862 ,
659 803 768 851 licet
790 813 990 851 conatus
1015 820 1184 851 eorum
1207 820 1450 851 successus
1476 803 1632 851 felices

226 899 325 931 non
346 881 494 929 modo
518 898 616 928 non
640 881 814 928 fuerint
837 881 1055 936 assecuti,
1076 880 1159 928 sed
1181 881 1325 928 etiam
1347 881 1563 928 interitus
1586 890 1633 927 et

226 958 504 1025 perditionis
539 958 977 1023 persecutionisque
1009 957 1308 1004 infinitorum
1339 957 1632 1005 Christiano·

226 1052 333 1083 rum
362 1036 530 1100 saepius
563 1036 751 1082 occasio
774 1044 820 1082 et
843 1050 987 1082 causa
1008 1034 1301 1081 exstiterint?
1324 1036 1433 1081 Sine
1461 1033 1633 1098 quibus

226 1111 476 1160 conatibus
519 1111 794 1174 hujusmodi
838 1111 995 1158 clades
1039 1111 1235 1157 minime
1283 1112 1630 1175 provenissent.

228 1190 377 1237 Nemo
400 1188 603 1253 quippe,
631 1188 719 1235 nisi
743 1189 947 1236 nimium
969 1188 1296 1235 contentiosus
1317 1204 1372 1235 ac
1393 1189 1629 1252 pervicax,

227 1265 418 1314 infitiari
445 1267 636 1330 poterit,
663 1266 780 1330 quin
814 1267 1018 1312 maxima
1041 1265 1268 1327 ingruerit
1305 1274 1418 1312 tunc
1455 1267 1634 1329 (neque

228 1358 357 1390 nunc
387 1343 565 1402 minus)
594 1341 940 1406 rempublicam
964 1343 1095 1405 regni
1117 1342 1364 1388 reformari
1395 1342 1443 1388 in
1467 1342 1635 1390 melius

229 1418 424 1467 evidens
443 1429 492 1466 et
510 1418 755 1466 manifesta
778 1419 1045 1466 necessitaS.
1085 1422 1244 1476 Quare
1261 1456 1272 1478 ,
1309 1435 1418 1466 cum
1439 1421 1500 1466 ad
1519 1435 1636 1466 con·

230 1495 482 1544 sulendum
506 1496 549 1542 ei
570 1498 647 1542 vix
665 1495 754 1543 alia
775 1495 869 1543 ulla
894 1496 1042 1542 modo
1066 1496 1278 1544 humano
1292 1496 1369 1542 via
1386 1496 1541 1559 aptior
1556 1511 1635 1542 aes-

230 1573 388 1621 timari
432 1589 515 1620 seu
550 1572 815 1620 adinveniri
848 1588 986 1636 posse
1025 1582 1269 1636 putaretur
1292 1607 1303 1629 ‚
1341 1587 1539 1636 operam
1574 1572 1636 1619 ad

231 1665 337 1698 eam
365 1666 468 1698 rem
499 1659 596 1698 tam
627 1649 804 1696 licitam
835 1659 1029 1714 tamque
1058 1649 1224 1696 utilem
1248 1659 1295 1696 et
1323 1650 1637 1697 necessariam

230 1725 422 1784 dantes,
459 1725 588 1773 bona
616 1736 664 1773 et
689 1735 815 1773 recta
835 1726 1100 1774 intentione
1129 1726 1299 1772 merito
1327 1725 1638 1790 inculpabiles

229 1803 454 1853 censendi
471 1812 599 1862 sunt,
625 1804 766 1850 etiam
786 1804 842 1862 si,
867 1803 932 1850 ob
954 1804 1190 1851 malorum
1208 1804 1477 1867 aliquorum
1494 1812 1637 1868 atque

229 1881 502 1945 iniquorum
522 1880 776 1929 hominum
797 1880 1011 1946 culpam,
1045 1898 1144 1941 res,
1178 1881 1247 1927 uti
1274 1890 1514 1945 speratum
1537 1881 1636 1928 fue-

230 1967 325 2016 rat,
351 1956 534 2005 felicem
563 1957 741 2004 exitum
770 1974 867 2003 non
898 1958 1078 2005 invenit
1107 1973 1263 2021 neque
1291 1958 1488 2022 accepit.
1527 1958 1637 2005 Sine

231 2033 369 2099 culpa
385 2034 562 2098 quippe
578 2033 767 2080 suerunt
783 2034 867 2088 illi,
883 2035 966 2098 qui
983 2043 1202 2099 parentes
1215 2043 1452 2099 praecepto
1462 2038 1485 2081 J
1489 2051 1633 2092 osuae,

231 2111 292 2162 ad
315 2112 685 2177 expugnandam
725 2113 960 2160 civitatem
995 2114 1082 2160 Hai
1116 2114 1271 2178 prima
1304 2114 1406 2159 vice
1437 2112 1636 2178 profecti

232 2198 365 2248 sunt,
390 2189 498 2239 licet
521 2200 715 2254 propter
735 2200 982 2253 peccatum
1007 2190 1187 2251 Achan,
1213 2191 1297 2254 qui
1320 2200 1487 2238 contra
1516 2190 1636 2238 divi-

233 2281 349 2315 num
369 2265 622 2330 imperium
649 2266 817 2313 tulerat
847 2266 908 2313 de
938 2267 1238 2314 anathemate
1266 2266 1483 2327 Jericho‚
1516 2267 1638 2315 infe-

233 2339 380 2389 liciter
398 2341 459 2389 ab
482 2341 702 2388 hostibus
719 2358 861 2389 caesos
881 2343 1022 2389 fuisse
1046 2343 1324 2406 fugatosque
1347 2352 1549 2390 constet.

299 2413 355 2465 Εἰ
386 2418 451 2469 ita
480 2435 626 2483 opera
651 2419 806 2480 bona,
843 2429 890 2466 et
927 2419 1057 2467 bona
1093 2420 1358 2467 intentione
1390 2429 1634 2484 suscepta,

235 2503 480 2557 propterea
500 2496 696 2543 minime
718 2495 993 2544 damnanda
1017 2507 1144 2554 sunt,
1167 2507 1267 2544 esto
1290 2496 1424 2561 quod
1447 2513 1503 2544 ex
1525 2497 1639 2561 ipsis

238 2569 436 2629 fructus,
472 2574 553 2636 qui
575 2582 788 2637 speratus
809 2573 984 2633 fuerat,
1020 2575 1215 2621 minime
1238 2573 1498 2637 aliquando
1523 2590 1638 2637 pro-

235 2646 404 2694 veniat.
447 2650 641 2696 Constat
676 2650 715 2696 si
754 2650 948 2713 quidem
986 2649 1269 2714 aliquando,
1308 2650 1481 2698 talibus
1514 2650 1601 2696 viis
1621 2685 1635 2708 ‚

238 2723 415 2786 optime
438 2725 703 2789 reipublicae
725 2728 863 2775 fuisse
891 2729 1180 2783 consultum,
1209 2739 1255 2775 et
1277 2738 1498 2793 purgatas
1516 2743 1638 2791 saepe

238 2800 512 2847 saevissimas
534 2801 672 2849 fuisse
690 2805 980 2866 tyrannideS,
1004 2815 1049 2851 et
1071 2806 1338 2853 exstinctas.
1357 2804 1498 2862 Quod
1521 2813 1567 2850 et
1591 2804 1636 2849 in
