2054 3470
758 321 904 358 Lmen
932 321 1162 368 Qum'ms.
1594 322 1671 358 403

255 411 488 476 requisitae
502 412 532 458 ¹.
557 409 651 457 Sed
667 407 925 456 multitudo
945 409 1096 457 nimia
1112 419 1213 457 erat
1227 408 1470 474 (universa
1491 408 1672 455 scilicet

255 487 402 536 ferme
424 487 648 536 nobilitas
667 486 854 534 illarum
874 486 1153 534 inferiorum
1178 486 1466 550 regionum),
1493 502 1600 550 quae
1620 485 1671 532 in

255 566 487 614 sententia
507 581 607 613 non
630 559 887 612 obediendi
910 563 1148 611 mandatis
1174 562 1432 610 immobilis
1459 563 1673 628 persiste-

254 642 363 704 bat3
384 660 489 708 quae
500 678 513 703 ,
534 652 582 690 et
595 641 680 688 ubi
695 641 880 706 aliquos
897 642 1004 706 capi
1025 651 1072 688 et
1089 641 1152 688 ad
1167 641 1400 706 supplicia
1413 640 1489 687 vel
1508 655 1673 704 poenas

254 720 470 785 protrahi
491 719 817 783 cognovisset,
840 718 902 765 ad
925 717 1173 766 formalem
1197 718 1510 765 mbelfionem
1529 726 1577 764 et
1597 715 1676 763 de-

252 797 507 845 fectionem
551 796 749 844 totalem
782 797 1054 861 provincias
1084 795 1400 843 verisimiliter
1435 795 1672 842 concitas-

255 885 340 922 set.
369 875 438 923 Ad
467 874 564 922 hoc
588 876 718 922 enim
745 875 856 922 satis
880 872 1135 921 voluntarii
1159 873 1475 938 provinciales
1496 872 1673 938 passim

253 950 322 998 ibi
343 968 446 1000 esse
466 951 781 1012 videbantur,
816 967 980 1016 graves
1002 951 1220 998 dietenus
1245 950 1305 998 de
1329 951 1543 1016 principe
1562 965 1677 1013 que-

253 1028 375 1076 relas
398 1028 718 1094 deponentes,
752 1028 886 1093 quod
916 1045 1025 1085 eos,
1060 1037 1228 1075 contra
1250 1028 1425 1092 patrias
1456 1027 1676 1091 antiquas

252 1105 493 1153 libertates
515 1115 560 1152 et
594 1122 649 1153 ea
683 1122 787 1170 quae
810 1106 978 1170 saepius
1012 1105 1190 1152 eisdem
1224 1104 1544 1170 promisisset,
1569 1119 1676 1168 gra-

254 1182 456 1229 vissimis
477 1182 812 1231 collationibus
833 1192 881 1230 et
902 1182 1208 1246 vectigalibus
1235 1191 1473 1230 oneraret.

318 1262 512 1307 Fecerat
541 1260 763 1325 praefatus
801 1259 1109 1308 cancellarius
1146 1259 1398 1323 caeterique
1435 1259 1496 1307 de
1526 1259 1673 1324 ipsius

254 1336 482 1395 consilio,
519 1338 603 1402 qui
638 1337 869 1384 Flandriae
902 1347 949 1384 et
989 1337 1252 1384 Brabantiae
1275 1337 1677 1384 'administrandis

253 1423 484 1477 praeerant
499 1450 511 1472 ,
532 1415 810 1478 congregari
826 1415 982 1460 Status
1005 1414 1265 1478 patriarum
1291 1415 1519 1479 principis
1542 1430 1676 1461 man-

254 1487 394 1548 dato,
427 1489 488 1537 ab
520 1492 587 1537 eis
610 1491 834 1554 expositis
864 1490 955 1536 sibi
992 1499 1042 1536 et
1074 1491 1263 1536 retextis
1286 1490 1670 1551 necessitatibus,

253 1565 430 1628 quibus
466 1568 687 1631 princeps
721 1568 1006 1613 constrictus
1038 1566 1343 1614 arctabatur:
1374 1576 1588 1631 petentes
1620 1577 1674 1614 ut

254 1641 315 1689 de
334 1642 532 1707 >alicujus
551 1660 688 1691 novae
702 1643 968 1690 collationis
989 1643 1080 1690 sibi
1103 1644 1275 1691 vellent
1299 1643 1475 1691 auxilio
1498 1643 1670 1691 subve—

255 1719 375 1766 nire.
402 1721 547 1778 Quod
569 1738 680 1767 curn
702 1720 1017 1785 provinciales
1036 1731 1292 1783 negarent,
1315 1738 1342 1768 e
1363 1720 1552 1768 diverso
1574 1737 1673 1768 ma-

253 1812 401 1859 gnum
433 1808 481 1844 et
516 1814 658 1861 grave
696 1798 887 1862 pondus
918 1798 1220 1862 vectigalium
1252 1807 1300 1845 et
1332 1798 1666 1859 collectarum,

253 1889 360 1938 quae
397 1873 613 1922 dietenus
647 1875 806 1922 adhuc
846 1887 1091 1922 currerent
1122 1885 1168 1922 et
1201 1876 1263 1923 ad
1293 1885 1476 1923 certum
1511 1876 1671 1924 adhuc

253 1965 491 1998 annorum
527 1967 782 1998 numerum
818 1951 1076 2010 durarent,
1122 1953 1465 2017 superioreque
1507 1969 1666 2013 anno,

254 2043 388 2091 paene
409 2044 551 2093 supra
572 2029 734 2092 patriae
760 2037 807 2075 et
838 2029 1008 2093 populi
1034 2029 1158 2075 vires
1174 2065 1186 2089 ,
1213 2046 1450 2078 concessae
1478 2032 1671 2078 exstite-

254 2113 361 2150 rant
374 2141 386 2164 ,
415 2121 504 2168 pro
520 2121 604 2151 sua
621 2106 922 2152 excusatione
940 2105 1227 2170 allegabant.
1250 2111 1403 2155 Porro
1421 2125 1532 2155 cum
1553 2109 1669 2157 dicti

255 2179 479 2227 officiales
518 2181 787 2228 arctissimis
819 2182 1048 2246 principis
1082 2184 1318 2233 mandatis
1337 2221 1350 2242 ‚
1391 2186 1668 2234 saevissimas

254 2257 608 2304 continentibus
627 2256 1045 2320 comminationes,
1068 2273 1399 2324 premerentur
1413 2273 1558 2327 atque
1577 2274 1669 2311 ter·

253 2344 492 2396 rerentur,
533 2345 580 2381 et
612 2345 863 2399 propterea
900 2338 1213 2401 provinciales
1249 2339 1312 2386 ad
1346 2341 1589 2405 implenda
1621 2351 1668 2388 et

255 2412 554 2476 exsequenda
606 2413 833 2477 principis
879 2415 1103 2462 mandata
1147 2416 1324 2464 vellent
1375 2435 1628 2483 perurgere
1651 2457 1662 2477 ‚
1704 2465 1706 2467 .

254 2489 567 2536 convolarunt
589 2500 821 2537 terrarum
842 2491 1053 2555 ipsarum
1074 2495 1233 2540 Status
1251 2495 1314 2542 ad
1337 2496 1667 2560 appellationis

255 2566 539 2625 remedium,
559 2576 606 2613 et
625 2583 651 2613 a
667 2567 899 2631 praedictis
920 2569 1173 2631 mandatis,
1191 2581 1237 2618 et
1258 2572 1370 2636 ipsis
1390 2574 1532 2619 etiam
1553 2589 1667 2620 can-

257 2643 447 2692 cellario
473 2654 520 2691 et
541 2643 844 2705 officialibus,
869 2645 931 2693 ad
954 2647 1208 2711 ipsummet
1233 2665 1371 2696 suum
1402 2650 1668 2715 principem

313 2813 330 2847 1
344 2839 352 2847 .
381 2812 566 2860 Requisiti
589 2810 683 2849 dans
700 2811 737 2850 le
754 2825 826 2850 ms.
848 2812 880 2849 Il
900 2811 1066 2850 faudrait
1082 2813 1206 2863 plutot
1223 2815 1467 2862 requirendae.
