2054 3470
653 355 800 392 LIBER
835 352 1105 391 SECUNDUS.
1512 353 1587 389 ¹97

610 561 820 607 CAPITU
827 561 951 606 LUM
982 561 1148 606 XXIII.

179 703 231 737 De
249 701 374 737 iterato
388 697 634 734 Leodiensium
648 698 821 742 tumultu,
837 698 899 744 qui
916 705 949 731 et
966 697 1175 744 episcopum
1190 708 1295 731 suum
1317 696 1471 743 Tungris
1486 686 1591 743 cepe-

225 764 308 790 runt
316 769 327 799 ς
343 761 378 789 et
391 751 436 787 de
451 750 636 787 obsidione
650 749 777 786 Leodii
791 763 856 798 per
874 749 1003 786 ducem
1017 749 1231 798 Burgundiae
1240 776 1251 794 ,
1273 749 1479 785 comitatum
1494 762 1591 797 prae-

226 807 336 844 sentia
347 805 439 854 regis
455 806 675 840 Francorum
686 806 713 839 ⁸.

244 931 325 977 His
345 931 502 994 itaque
521 929 725 989 omissis,
751 927 814 975 ad
835 929 1090 994 propositae
1113 927 1419 986 narrationis,
1445 943 1471 974 a
1494 944 1593 992 quo

179 1006 423 1073 paululum
448 1006 642 1070 digressi
665 1022 855 1063 sumus,
885 1005 1104 1053 ordinem
1130 1015 1417 1053 revertentes
1444 1025 1455 1053 ε
1481 1022 1594 1053 cum

177 1083 323 1132 iidem
367 1084 496 1131 stulti
535 1083 783 1130 Eburones
819 1083 1035 1130 viderent
1068 1100 1179 1130 cum
1220 1084 1405 1147 magnis
1442 1085 1595 1150 copiis

178 1165 467 1209 Francorum
492 1177 673 1225 regem,
697 1161 780 1225 qui
801 1160 876 1225 (ut
897 1160 1124 1225 diximus)
1142 1176 1225 1207 eos
1248 1161 1298 1207 in
1320 1177 1453 1208 arma
1476 1178 1594 1208 con-

175 1239 360 1297 citarat,
381 1247 529 1286 terras
549 1237 946 1300 Burgundionum
966 1237 1103 1285 ducis
1120 1238 1469 1303 propinquasse
1491 1239 1596 1304 (qui

176 1315 291 1374 dux,
318 1325 371 1362 ut
392 1304 615 1374 diximus,
638 1315 780 1362 etiam
801 1315 963 1380 copias
985 1317 1111 1362 circa
1134 1318 1372 1362 Peronam
1392 1315 1595 1380 college-

177 1393 302 1457 rat),
324 1402 498 1440 cuncta
518 1408 658 1454 saeva,
679 1392 878 1440 adversa
893 1403 1038 1458 atque
1055 1393 1261 1441 infausta
1283 1394 1461 1441 eisdem
1484 1397 1598 1442 Bur-

178 1467 503 1532 gundionibus
548 1478 841 1533 proventura
885 1477 1106 1534 putantes
1125 1504 1137 1528 ,
1186 1468 1595 1533 quemadmodum

178 1544 300 1591 votis
326 1545 618 1592 omnimodis
644 1555 692 1592 et
720 1537 1128 1593 obsecrationibus
1156 1546 1517 1611 exspectabant,
1550 1558 1598 1596 et

178 1631 431 1686 propterea
469 1632 684 1686 paratam
724 1622 811 1669 sibi
850 1623 911 1670 ad
951 1640 1001 1670 se
1041 1623 1102 1670 de
1139 1624 1206 1670 eis
1246 1623 1598 1672 ulciscendum²

179 1699 588 1764 opportunitatem
630 1699 794 1747 adesse
834 1700 1152 1747 existimantes
1174 1736 1187 1758 ‚
1238 1701 1594 1749 multitudinem

177 1775 437 1839 quamdam
456 1793 515 1823 ex
533 1777 839 1841 iniquissimis
856 1777 1001 1824 totius
1018 1776 1169 1842 plebis
1188 1793 1284 1824 suae
1302 1777 1384 1841 (de
1402 1778 1470 1825 eis
1489 1780 1591 1844 qui,

178 1852 413 1900 malorum
437 1868 466 1899 a
490 1869 539 1899 se
565 1863 864 1918 patratorum
894 1854 1184 1902 conscientia
1208 1854 1435 1901 stimulati
1462 1865 1509 1902 et
1534 1857 1595 1904 de

177 1929 499 1977 misericordia
522 1930 795 1996 principum
817 1929 980 1988 diffisi,
1007 1931 1073 1978 ob
1102 1947 1301 1978 suorum
1323 1932 1596 1980 immanita-

178 2015 275 2053 tem
305 2006 571 2055 facinorum
601 2024 628 2054 e
663 2008 849 2055 civitate
877 2007 1210 2072 profugerant,
1238 2007 1356 2055 dum
1381 2009 1594 2072 ejusdem

179 2084 354 2132 moenia
402 2094 450 2132 et
490 2095 645 2133 turres
679 2078 871 2149 dejectae
907 2080 1243 2150 demolitaeque
1279 2086 1503 2150 fuissent)
1545 2088 1595 2135 in

177 2177 312 2209 suam
334 2172 620 2228 receperunt
641 2163 895 2210 civitatem.
923 2165 1080 2220 Quam
1109 2164 1196 2210 etsi
1222 2163 1346 2211 forte
1371 2165 1524 2229 major
1547 2176 1596 2213 et

180 2239 340 2287 sanior
370 2256 479 2305 pars
513 2240 637 2287 illius
667 2239 834 2305 populi
864 2240 1063 2287 minime
1097 2240 1398 2303 advocasset,
1436 2242 1592 2289 eidem

181 2324 357 2376 tamen,
382 2333 494 2365 cum
512 2334 719 2382 praesens
740 2317 908 2378 adfuit,
933 2334 1035 2365 sese
1053 2319 1307 2367 unanimes
1325 2329 1372 2367 et
1391 2315 1594 2368 consen-

178 2394 348 2443 tientes
367 2396 687 2460 praebuerunt.

244 2473 499 2536 Coeperunt
522 2474 666 2538 igitur
689 2474 850 2521 denuo
877 2474 1140 2523 instaurare
1170 2492 1358 2537 muros,
1391 2493 1594 2541 purgare

181 2547 374 2607 vallum,
388 2547 757 2615 propugnaculis
773 2567 873 2598 sese
886 2568 1117 2616 suamque
1131 2554 1319 2600 munire
1331 2554 1589 2614 civitatem,

179 2635 227 2673 et
239 2626 400 2687 armiS,
410 2628 745 2694 undecumque
762 2646 818 2677 ea
832 2632 1117 2695 conquirere
1133 2642 1344 2698 possent,
1359 2632 1592 2679 instruere

235 2782 272 2817 1.
303 2780 481 2832 Chapitre
506 2781 637 2833 publie
653 2783 748 2823 dans
771 2787 1046 2836 l'Amplissima
1063 2790 1244 2835 collectio,
1265 2796 1293 2827 t.
1313 2790 1380 2835 lv,
1401 2787 1475 2826 col.
1498 2788 1587 2824 755.

236 2842 274 2879 2.
310 2842 527 2879 Ulciscendo
545 2840 639 2880 dans
657 2841 694 2880 le
712 2856 784 2883 ωε.
