2054 3470
663 292 809 330 LIBER
835 290 1106 329 SECUNDUS.
1517 290 1593 328 167

186 384 528 442 Dinantenses,
565 379 746 429 nedum
766 380 869 444 ejus
899 379 1052 426 filium
1068 416 1081 440 ,
1120 377 1255 442 cujus
1289 378 1595 425 simulacrum

185 463 261 528 (ut
287 477 430 528 supra
454 458 755 523 retulimus¹)
776 459 922 506 veluti
948 457 1075 525 affixi
1096 457 1314 523 patibulo
1337 457 1596 522 suspende-

186 551 322 602 rant,
358 539 443 588 sed
475 539 616 587 etiam
653 555 704 586 se
736 539 895 604 ipsum
927 548 975 586 et
1007 537 1418 603 generosissimam
1451 546 1596 601 atque

187 617 561 668 honestissimam
607 615 854 664 dominam
903 616 1004 680 ejus
1051 623 1328 663 consortem
1346 651 1359 675 ,
1404 613 1597 662 illustris

186 694 431 762 quondam
467 694 589 758 regis
620 693 916 757 Portugalliae
954 692 1102 740 filiam
1116 695 1146 752 ⁸,
1188 690 1502 739 acerbissimis
1539 707 1596 739 ac

187 773 449 823 foedissimis
500 772 803 820 contumeliis
852 771 1164 820 lacessiissent
1192 808 1204 830 ,
1266 787 1355 818 nec
1394 787 1495 818 sese
1532 769 1595 818 ab

185 851 252 899 eis
283 849 382 898 ullo
402 849 565 898 modo:
577 849 858 897 cohiberent
874 885 886 909 ‚
919 865 1018 896 non
1043 847 1342 896 existimabat
1360 847 1422 895 ad
1441 857 1598 913 patres

184 943 296 976 suos
321 926 518 975 feliciter
545 927 725 992 apponi
747 942 913 992 posse,
939 927 979 973 si
1006 925 1068 972 ad
1094 935 1283 991 tempus
1306 942 1458 990 usque
1480 925 1595 973 dor-

183 1004 393 1054 mitionis
428 1021 523 1053 suae
540 1005 694 1061 ‚hanc
737 1014 920 1053 tantam
951 1004 1173 1068 injuriam
1219 1003 1485 1068 reliquisset
1520 1005 1598 1052 in-

183 1080 331 1130 ultam
343 1083 374 1130 ⁸.

210 1189 212 1191 -
246 1163 306 1207 Et
337 1159 566 1208 hactenus
602 1159 823 1225 quidem,
853 1175 882 1207 a
910 1168 1125 1224 tempore
1148 1157 1337 1205 foederis
1359 1157 1492 1223 quod
1515 1174 1598 1206 rex

182 1254 295 1286 cum
322 1238 492 1285 illustri
518 1239 693 1286 comite
712 1237 773 1285 de
794 1236 1065 1294 Char-olcis,
1092 1235 1390 1301 praecedente
1412 1234 1592 1297 hieme,

182 1331 335 1381 prope
355 1317 555 1363 Parisios
574 1325 843 1382 pepegerat‚
862 1324 908 1363 et
922 1314 1012 1362 sibi
1034 1324 1181 1362 terras
1203 1314 1468 1362 donaverat
1482 1330 1600 1378 quas

183 1392 328 1457 paulo
364 1402 475 1440 ante
505 1394 523 1456 (
534 1402 588 1440 ut
621 1391 857 1455 diximus)
889 1391 1250 1456 quadringentis
1286 1391 1419 1439 mille
1455 1392 1599 1438 scutis

183 1468 451 1518 redemerat
473 1507 486 1527 ,
526 1470 630 1518 aliis
666 1471 810 1517 etiam
846 1469 1156 1534 postmodum
1195 1479 1367 1534 sponte
1404 1472 1599 1534 propria

183 1546 393 1611 adjectis,
414 1546 744 1595 existimabant
757 1547 904 1594 ferme
918 1563 1088 1594 omnes
1106 1547 1363 1594 amicitiam
1375 1563 1598 1610 magnam

183 1633 230 1672 et
257 1625 455 1689 gratiam
488 1624 712 1672 eumdem
744 1625 968 1672 comitem
996 1625 1127 1689 apud
1154 1641 1316 1688 regem
1339 1625 1595 1673 invenisse.

182 1700 462 1766 Appellabat
497 1703 628 1750 enim
666 1719 806 1763 eum,
845 1702 1066 1766 quotiens
1097 1702 1158 1750 ad
1191 1718 1304 1750 eum
1339 1701 1595 1760 scriberet,

181 1776 333 1825 filium
355 1795 520 1839 suum,
546 1788 593 1826 et
616 1779 981 1844 primogenitam
1003 1777 1149 1826 filiam
1173 1794 1308 1826 suam
1334 1795 1384 1826 se
1408 1779 1457 1825 in
1481 1795 1598 1826 con-

176 1854 340 1918 ju'gem
361 1856 406 1903 ei
427 1854 546 1903 velle
573 1856 687 1903 dare
714 1855 872 1903 aiebat
888 1858 918 1902 ⁸.
954 1855 1150 1903 Obierat
1181 1855 1378 1920 quidem
1400 1872 1600 1905 consors

182 1931 311 1995 ejus,
345 1932 521 1980 nobilis
554 1933 753 1981 domina
788 1932 883 1980 filia
917 1932 1053 1980 ducis
1090 1932 1316 1980 Borbonii
1348 1934 1593 1994 defuncti,

184 2009 404 2058 moderni
428 2027 566 2058 soror
579 2014 610 2072 ⁸,
642 2021 860 2076 tempore
879 2027 978 2075 quo
1001 2027 1113 2058 eum
1135 2011 1375 2077 expeditio
1399 2012 1596 2059 Montis-

237 2192 278 2232 1.
305 2190 528 2240 Ci-dessus,
549 2205 590 2243 p.
613 2193 706 2231 134.

238 2253 278 2290 2.
306 2254 362 2291 La
389 2251 575 2290 duchesse
607 2250 770 2290 Isabelle
795 2251 890 2290 etait
917 2252 995 2291 fille
1022 2252 1075 2292 du
1103 2253 1162 2292 roi
1187 2256 1285 2292 Jean
1316 2252 1364 2292 de
1396 2255 1593 2307 Portugal,

185 2318 285 2349 mort
305 2324 354 2350 en
371 2313 489 2350 1433.
575 2317 581 2321 “

241 2372 278 2409 3.
307 2370 339 2409 ll
369 2372 514 2411 semble
542 2371 636 2423 qu’il
666 2385 692 2422 y
721 2370 774 2409 ait
802 2370 851 2409 ici
878 2384 957 2409 une
987 2371 1148 2420 lacune,
1176 2371 1347 2423 quoique
1366 2372 1403 2411 le
1421 2381 1525 2412 texte
1543 2373 1596 2411 du

185 2441 256 2467 ms.
275 2441 316 2468 se
329 2430 437 2470 suive
455 2445 543 2470 sans
563 2430 834 2482 interruption.
855 2430 1044 2469 Recourir
1062 2444 1139 2470 aux
1152 2432 1356 2471 Miemoires
1370 2432 1420 2471 de
1432 2435 1454 2471 J
1456 2445 1598 2483 aeques

185 2487 387 2540 Duclercq,
407 2489 435 2527 l.
455 2492 502 2539 V,
522 2490 585 2529 ch.
607 2504 689 2528 1.v11
708 2498 746 2528 et
766 2503 878 2528 tvm.

240 2549 277 2585 4.
308 2549 418 2588 Anne
454 2550 504 2589 de
538 2553 709 2596 France,
749 2549 816 2600 qui
851 2550 910 2588 sut
941 2548 1086 2588 mariee
1119 2550 1207 2602 plus
1243 2549 1328 2589 tard
1362 2563 1412 2589 au
1443 2550 1519 2588 sire
1550 2549 1598 2587 de

187 2606 368 2654 Beaujeu.
998 2637 1003 2643 .

242 2667 278 2703 5.
312 2665 487 2713 nahella,
506 2667 583 2706 fille
602 2667 652 2705 du
667 2668 732 2706 seu
751 2667 826 2706 duc
845 2667 1002 2707 Charles
1015 2667 1066 2706 de
1081 2667 1263 2706 Bourbon
1279 2675 1316 2706 et
1334 2681 1438 2706 soeur
1454 2667 1507 2705 du
1524 2667 1601 2704 duc

189 2724 313 2762 actuel
328 2727 442 2766 Jeane
455 2726 537 2764 Elle
553 2736 708 2765 mourut
726 2730 747 2765 a
763 2731 913 2767 Anvers
930 2729 966 2766 le
985 2729 1037 2766 25
1055 2727 1270 2780 septembre
1292 2730 1410 2774 1465,
1432 2726 1600 2778 pendant

191 2796 267 2833 qne
287 2797 358 2821 son
378 2785 474 2822 mari
494 2785 584 2823 etait
605 2785 746 2824 devant
763 2787 885 2827 Paris.
