2054 3470
439 340 516 377 234
796 337 1136 376 HISTORIARUM
1164 336 1402 374 LUDOVICI
1429 337 1485 372 XI

441 428 598 489 tione,
615 426 749 474 null'o
774 427 861 473 Dei
883 426 1074 486 timore,
1100 424 1233 471 nullo
1256 440 1351 470 suae
1372 423 1504 470 famae
1522 422 1843 472 lahel'actionis

440 505 774 571 respectu,'ab
808 503 1057 552 inferendo
1095 519 1178 550 seu
1214 500 1524 567 provocando
1558 501 1737 548 malum
1768 501 1844 549 his

440 601 560 649 quos
583 583 766 641 oderat,
785 581 1211 647 qualibuscumque
1226 579 1423 637 artibus,
1450 578 1754 626 cohiberetur
1768 579 1843 627 vel

439 660 773 708 retraheretur.

915 879 1252 926 CAPITULUM
1286 881 1363 926 IV.

443 1017 494 1050 De
516 1014 652 1050 insidiis
678 1014 844 1050 adversus
865 1014 993 1049 ducem
1016 1012 1228 1061 Burgundiae
1257 1026 1321 1061 per
1343 1013 1502 1048 medium
1519 1011 1702 1054 Balduini‚
1731 1010 1849 1046 fratris

487 1069 542 1103 sui
557 1069 747 1112 naturalis,
767 1068 974 1104 machinatis
1000 1077 1034 1102 et
1057 1067 1219 1110 detectis,
1243 1076 1346 1114 atque
1373 1066 1530 1114 ejusdem
1553 1065 1718 1100 Balduini
1744 1064 1848 1099 celeri

487 1124 580 1171 fuga.

509 1244 645 1290 Unde
676 1254 722 1290 et
744 1245 869 1291 circa
897 1243 997 1290 haec
1018 1252 1258 1306 tempora,
1283 1239 1458 1305 quibus
1494 1238 1556 1285 ad
1589 1237 1848 1284 conficien-

422 1321 561 1368 ¹dum
597 1321 674 1368 illa
707 1322 893 1385 egregia
927 1320 1100 1368 foedera
1133 1335 1244 1366 cum
1274 1317 1487 1382 principe
1505 1314 1686 1362 Wal‘liae
1713 1329 1851 1362 vaca-

442 1397 524 1444 bat
563 1414 649 1462 per
682 1397 893 1444 medium
931 1398 1003 1444 sui
1035 1399 1102 1442 W
1101 1394 1281 1453 αννίοΙι,
1323 1393 1381 1439 de
1421 1391 1596 1457 quibus
1633 1390 1850 1457 proxime

443 1475 746 1521 meminimus
761 1511 773 1533 ‚
798 1473 923 1522 aliud
944 1472 1191 1538 quoddam
1213 1471 1391 1518 illustre
1415 1468 1851 1516 machinamentum

443 1551 711 1609 adinvenit,
738 1551 870 1615 quod
899 1568 928 1598 a
954 1550 1095 1597 nobis
1126 1549 1312 1596 silentio
1339 1563 1438 1594 non
1467 1545 1650 1592 videtur
1675 1544 1852 1601 debere

443 1629 685 1694 praeteriri.
705 1629 919 1676 Tentavit
937 1628 1064 1675 enim
1085 1628 1256 1674 iterum
1276 1635 1322 1673 et
1339 1625 1483 1671 altera
1504 1623 1604 1671 vice
1626 1622 1713 1684 (uti
1728 1622 1853 1670 fama

443 1707 633 1772 publica
669 1717 810 1770 atque
842 1705 1159 1771 vulgatissima
1188 1703 1303 1767 fuit)
1339 1700 1552 1759 veneno,
1587 1700 1662 1747 vel
1687 1699 1851 1763 vgladio

443 1802 527 1831 seu
549 1784 662 1846 telo⁷
683 1785 855 1831 ducem
880 1783 1164 1848 Burgundiae
1187 1798 1272 1847 per
1294 1780 1424 1827 hunc
1449 1778 1650 1826 modum
1669 1777 1850 1830 exstin-

442 1879 601 1924 guere.
1087 1861 1092 1871 “

507 1939 870 2001 Transfugerant
891 1937 949 1984 ad
972 1953 1082 1983 eum
1100 1952 1154 1982 ex
1175 1934 1307 1982 curia
1323 1944 1367 1980 et
1392 1932 1620 1979 comitatu
1643 1934 1852 1994 Burgun-

446 2015 647 2061 dionum
674 2015 806 2061 ducis
830 2014 1026 2078 quidam
1049 2013 1322 2059 nominatus
1344 2010 1569 2056 dominus
1583 2009 1643 2056 de
1657 2008 1807 2056 Sacha
1819 2010 1848 2068 ¹,

446 2102 492 2140 et
511 2077 705 2156 quidam
725 2091 844 2138 alius
855 2093 885 2150 ²,
906 2106 1076 2153 magna
1092 2088 1405 2136 familiaritate
1420 2095 1467 2133 et
1483 2086 1690 2133 amicitia
1701 2084 1853 2148 juncti

501 2232 518 2266 1
529 2259 538 2267 .
568 2232 664 2269 Jean
683 2227 730 2266 de
748 2227 904 2275 Chassa,
921 2225 1160 2264 chambellan
1177 2223 1371 2261 ordinaire
1388 2223 1441 2261 du
1456 2223 1531 2262 duc
1547 2223 1595 2262 de
1606 2226 1853 2274 Bourgogne,

451 2306 467 2322 «ι
490 2287 624 2339 gentil,
646 2286 789 2338 galant,
808 2286 899 2323 rade
914 2284 1106 2323 chevalier
1125 2291 1162 2321 et
1178 2282 1268 2321 bien
1289 2285 1310 2320 a
1328 2283 1388 2334 ly3
1409 2291 1447 2320 et
1461 2282 1564 2320 avoit
1580 2281 1647 2320 fait
1664 2292 1789 2318 armes
1805 2292 1855 2317 en

447 2348 671 2398 Angleterre
698 2360 792 2384 avec
821 2346 954 2383 l'aisne
983 2343 1134 2382 bastard
1166 2342 1214 2380 de
1244 2345 1516 2394 Bourgongne.
1548 2341 1644 2379 Mais
1668 2339 1779 2378 estoit
1805 2339 1855 2378 de

447 2407 562 2459 petite
579 2406 772 2444 chevance
791 2414 828 2443 et
846 2418 1047 2443 commune
1071 2401 1286 2455 gentillesse
1305 2401 1356 2438 du
1375 2400 1498 2438 comte
1518 2399 1564 2438 de
1583 2402 1854 2449 Bourgmgne,

448 2474 485 2505 et
499 2465 546 2503 de
565 2465 705 2517 grands
719 2465 890 2502 beubans
907 2464 993 2514 plus
1009 2462 1099 2514 qu’a
1112 2475 1180 2500 son
1195 2461 1429 2512 appartenir,
1445 2469 1482 2498 et
1497 2459 1589 2497 dont
1604 2458 1641 2496 la
1658 2458 1857 2509 puissance

448 2539 497 2564 ne
515 2525 621 2576 pouit
641 2534 770 2575 poi-ter
790 2524 825 2561 le
844 2531 1036 2574 coustage.
1059 2539 1074 2555 n
1097 2521 1326 2560 Chastellain
1340 2550 1350 2567 ,
1374 2523 1444 2558 ΙΙΙε
1463 2520 1585 2571 partie
1599 2549 1609 2567 ‚
1631 2533 1665 2557 e.
1688 2531 1826 2556 chxx.

503 2577 542 2622 2.
577 2600 595 2618 α
614 2586 704 2634 Ung
734 2582 888 2620 nomme
917 2581 1038 2619 Jehan
1067 2581 1230 2618 d'Arson
1244 2609 1254 2628 ‚
1284 2579 1411 2630 lequel
1437 2579 1485 2616 de
1513 2579 1728 2630 longtemps
1754 2577 1858 2616 avoit

452 2642 530 2681 este
546 2643 683 2680 nourri
701 2655 748 2679 en
770 2640 919 2679 l'hostel
944 2640 991 2678 de
1013 2649 1143 2679 nostre
1163 2640 1369 2678 tres—chier
1392 2639 1571 2691 seigneur
1592 2646 1631 2676 et
1653 2640 1744 2689 pere
1762 2639 1857 2687 (que

451 2702 551 2740 Dieu
569 2700 755 2749 absolve),
776 2708 833 2745 et,
851 2698 986 2750 depuis
1009 2713 1079 2736 son
1103 2707 1269 2750 trespas,
1295 2698 1456 2736 l'avions
1476 2710 1650 2749 pourveu
1668 2709 1717 2735 en
1735 2696 1858 2735 l’estat

453 2762 502 2800 de
516 2767 646 2799 nostre
661 2760 873 2812 pannefier,
889 2768 1044 2797 servant
1061 2767 1189 2797 nostre
1204 2758 1375 2805 bouche;
1393 2765 1430 2796 et
1449 2757 1551 2796 aussi
1566 2764 1688 2795 estant
1705 2754 1861 2804 maistre,

455 2820 588 2859 d’ostel
612 2819 659 2858 de
676 2829 806 2858 nostre
827 2819 1031 2857 tres-chier
1049 2827 1086 2857 et
1104 2818 1177 2856 fe'al
1200 2817 1408 2866 chevalier,
1422 2816 1622 2856 conseiller
1640 2823 1678 2854 et
1694 2814 1862 2867 premier
