<?xml version="1.0" encoding="UTF-8"?>
<!DOCTYPE html PUBLIC "-//W3C//DTD XHTML 1.0 Transitional//EN"
    "http://www.w3.org/TR/xhtml1/DTD/xhtml1-transitional.dtd">
<html xmlns="http://www.w3.org/1999/xhtml" xml:lang="en" lang="en">
 <head>
  <title>
</title>
<meta http-equiv="Content-Type" content="text/html;charset=utf-8" />
  <meta name='ocr-system' content='tesseract 3.04.00' />
  <meta name='ocr-capabilities' content='ocr_page ocr_carea ocr_par ocr_line ocrx_word'/>
</head>
<body>
  <div class='ocr_page' id='page_1' title='image "./histoiredesrgn02basiuoft_0130.png"; bbox 0 0 2054 3470; ppageno 0'>
   <div class='ocr_carea' id='block_1_1' title="bbox 380 287 1431 327">
    <p class='ocr_par' dir='ltr' id='par_1_1' title="bbox 380 287 1431 327">
     <span class='ocr_line' id='line_1_1' title="bbox 380 287 1431 327; baseline 0 -3"><span class='ocrx_word' id='word_1_1' title='bbox 380 287 430 325; x_wconf 70' lang='lat'><strong>46</strong></span> <span class='ocrx_word' id='word_1_2' title='bbox 745 287 1086 327; x_wconf 83' lang='lat' dir='ltr'><strong>HISTORIARUM</strong></span> <span class='ocrx_word' id='word_1_3' title='bbox 1113 287 1348 326; x_wconf 87' lang='lat' dir='ltr'>LUDOVICI</span> <span class='ocrx_word' id='word_1_4' title='bbox 1374 287 1431 324; x_wconf 85' lang='lat' dir='ltr'><strong>XI</strong></span> 
     </span>
    </p>
   </div>
   <div class='ocr_carea' id='block_1_2' title="bbox 351 375 1798 1918">
    <p class='ocr_par' dir='ltr' id='par_1_2' title="bbox 351 375 1795 751">
     <span class='ocr_line' id='line_1_2' title="bbox 378 375 1792 441; baseline 0.001 -19"><span class='ocrx_word' id='word_1_5' title='bbox 378 375 527 424; x_wconf 90' lang='lat' dir='ltr'><strong>ricam</strong></span> <span class='ocrx_word' id='word_1_6' title='bbox 558 375 849 427; x_wconf 80' lang='lat' dir='ltr'><strong>Britanniam</strong></span> <span class='ocrx_word' id='word_1_7' title='bbox 885 376 1126 424; x_wconf 89' lang='lat' dir='ltr'><strong>visitatum</strong></span> <span class='ocrx_word' id='word_1_8' title='bbox 1152 385 1383 441; x_wconf 84' lang='lat' dir='ltr'><strong>pergeret.</strong></span> <span class='ocrx_word' id='word_1_9' title='bbox 1415 378 1522 423; x_wconf 85' lang='lat' dir='ltr'><strong>Dux</strong></span> <span class='ocrx_word' id='word_1_10' title='bbox 1552 375 1682 423; x_wconf 91' lang='lat' dir='ltr'><strong>enim</strong></span> <span class='ocrx_word' id='word_1_11' title='bbox 1711 391 1792 441; x_wconf 90' lang='lat' dir='ltr'><strong>pa·</strong></span> 
     </span>
     <span class='ocr_line' id='line_1_3' title="bbox 351 442 1794 518; baseline 0.002 -21"><span class='ocrx_word' id='word_1_12' title='bbox 351 452 478 499; x_wconf 22' lang='lat' dir='ltr'><strong>ytriae</strong></span> <span class='ocrx_word' id='word_1_13' title='bbox 489 455 517 514; x_wconf 89' lang='lat'><strong>¹,</strong></span> <span class='ocrx_word' id='word_1_14' title='bbox 553 453 636 517; x_wconf 91' lang='lat' dir='ltr'><strong>qui</strong></span> <span class='ocrx_word' id='word_1_15' title='bbox 664 442 796 518; x_wconf 84' lang='lat' dir='ltr'><strong>apud</strong></span> <span class='ocrx_word' id='word_1_16' title='bbox 821 452 1100 503; x_wconf 85' lang='lat' dir='ltr'><strong>defunctum</strong></span> <span class='ocrx_word' id='word_1_17' title='bbox 1132 453 1361 502; x_wconf 90' lang='lat' dir='ltr'><strong>Carolum</strong></span> <span class='ocrx_word' id='word_1_18' title='bbox 1398 453 1551 501; x_wconf 87' lang='lat' dir='ltr'><strong>fuerat</strong></span> <span class='ocrx_word' id='word_1_19' title='bbox 1586 453 1794 500; x_wconf 82' lang='lat' dir='ltr'><strong>nutritus</strong></span> 
     </span>
     <span class='ocr_line' id='line_1_4' title="bbox 377 529 1794 595; baseline 0 -19"><span class='ocrx_word' id='word_1_20' title='bbox 377 538 426 576; x_wconf 92' lang='lat' dir='ltr'><strong>et</strong></span> <span class='ocrx_word' id='word_1_21' title='bbox 446 529 643 594; x_wconf 84' lang='lat' dir='ltr'><strong>gratiam</strong></span> <span class='ocrx_word' id='word_1_22' title='bbox 658 542 880 595; x_wconf 87' lang='lat' dir='ltr'><strong>magnam</strong></span> <span class='ocrx_word' id='word_1_23' title='bbox 894 531 1024 595; x_wconf 89' lang='lat' dir='ltr'><strong>apud</strong></span> <span class='ocrx_word' id='word_1_24' title='bbox 1046 548 1158 578; x_wconf 89' lang='lat' dir='ltr'><strong>eum</strong></span> <span class='ocrx_word' id='word_1_25' title='bbox 1175 531 1442 592; x_wconf 87' lang='lat' dir='ltr'><strong>invenerat,</strong></span> <span class='ocrx_word' id='word_1_26' title='bbox 1468 530 1668 581; x_wconf 90' lang='lat' dir='ltr'><strong>minime</strong></span> <span class='ocrx_word' id='word_1_27' title='bbox 1681 546 1794 577; x_wconf 91' lang='lat' dir='ltr'><strong>cum</strong></span> 
     </span>
     <span class='ocr_line' id='line_1_5' title="bbox 377 605 1795 672; baseline 0.001 -19"><span class='ocrx_word' id='word_1_28' title='bbox 377 605 480 654; x_wconf 85' lang='lat' dir='ltr'><strong>aliis</strong></span> <span class='ocrx_word' id='word_1_29' title='bbox 521 607 654 670; x_wconf 86' lang='lat' dir='ltr'><strong>regni</strong></span> <span class='ocrx_word' id='word_1_30' title='bbox 695 607 976 672; x_wconf 88' lang='lat' dir='ltr'><strong>proceribus</strong></span> <span class='ocrx_word' id='word_1_31' title='bbox 1019 607 1070 654; x_wconf 93' lang='lat' dir='ltr'><strong>in</strong></span> <span class='ocrx_word' id='word_1_32' title='bbox 1109 608 1225 655; x_wconf 88' lang='lat' dir='ltr'><strong>novi</strong></span> <span class='ocrx_word' id='word_1_33' title='bbox 1267 608 1390 672; x_wconf 85' lang='lat' dir='ltr'><strong>regis</strong></span> <span class='ocrx_word' id='word_1_34' title='bbox 1432 606 1795 654; x_wconf 88' lang='lat' dir='ltr'><strong>consecratione</strong></span> 
     </span>
     <span class='ocr_line' id='line_1_6' title="bbox 379 684 1765 751; baseline -0.001 -20"><span class='ocrx_word' id='word_1_35' title='bbox 379 684 553 745; x_wconf 89' lang='lat' dir='ltr'><strong>Remis,</strong></span> <span class='ocrx_word' id='word_1_36' title='bbox 578 701 668 732; x_wconf 90' lang='lat' dir='ltr'><strong>nec</strong></span> <span class='ocrx_word' id='word_1_37' title='bbox 689 686 739 732; x_wconf 92' lang='lat' dir='ltr'><strong>in</strong></span> <span class='ocrx_word' id='word_1_38' title='bbox 762 684 976 748; x_wconf 90' lang='lat' dir='ltr'><strong>ejusdem</strong></span> <span class='ocrx_word' id='word_1_39' title='bbox 1000 685 1277 751; x_wconf 84' lang='lat' dir='ltr'><strong>exceptione</strong></span> <span class='ocrx_word' id='word_1_40' title='bbox 1302 685 1506 745; x_wconf 91' lang='lat' dir='ltr'><strong>Parisiis,</strong></span> <span class='ocrx_word' id='word_1_41' title='bbox 1534 684 1765 732; x_wconf 84' lang='lat' dir='ltr'><strong>adfuerat.</strong></span> 
     </span>
    </p>

    <p class='ocr_par' dir='ltr' id='par_1_3' title="bbox 375 762 1798 1840">
     <span class='ocr_line' id='line_1_7' title="bbox 442 762 1795 829; baseline -0.001 -20"><span class='ocrx_word' id='word_1_42' title='bbox 442 764 556 810; x_wconf 88' lang='lat' dir='ltr'><strong>Erat</strong></span> <span class='ocrx_word' id='word_1_43' title='bbox 588 772 693 810; x_wconf 90' lang='lat' dir='ltr'><strong>tum</strong></span> <span class='ocrx_word' id='word_1_44' title='bbox 722 762 921 827; x_wconf 89' lang='lat' dir='ltr'><strong>quidam</strong></span> <span class='ocrx_word' id='word_1_45' title='bbox 956 763 1208 829; x_wconf 90' lang='lat' dir='ltr'><strong>episcopus</strong></span> <span class='ocrx_word' id='word_1_46' title='bbox 1240 763 1597 825; x_wconf 79' lang='lat' dir='ltr'><strong>Nannetensis²,</strong></span> <span class='ocrx_word' id='word_1_47' title='bbox 1636 778 1666 810; x_wconf 92' lang='lat' dir='ltr'><strong>a</strong></span> <span class='ocrx_word' id='word_1_48' title='bbox 1696 778 1795 827; x_wconf 91' lang='lat' dir='ltr'><strong>quo</strong></span> 
     </span>
     <span class='ocr_line' id='line_1_8' title="bbox 377 839 1796 907; baseline 0 -20"><span class='ocrx_word' id='word_1_49' title='bbox 377 856 490 887; x_wconf 89' lang='lat' dir='ltr'><strong>cum</strong></span> <span class='ocrx_word' id='word_1_50' title='bbox 505 841 604 888; x_wconf 89' lang='lat' dir='ltr'><strong>dux</strong></span> <span class='ocrx_word' id='word_1_51' title='bbox 627 841 876 889; x_wconf 81' lang='lat' dir='ltr'><strong>Britanniae</strong></span> <span class='ocrx_word' id='word_1_52' title='bbox 889 877 903 902; x_wconf 94' lang='lat'><strong>,</strong></span> <span class='ocrx_word' id='word_1_53' title='bbox 927 841 991 888; x_wconf 90' lang='lat' dir='ltr'><strong>ad</strong></span> <span class='ocrx_word' id='word_1_54' title='bbox 1011 858 1202 889; x_wconf 89' lang='lat' dir='ltr'><strong>causam</strong></span> <span class='ocrx_word' id='word_1_55' title='bbox 1221 842 1556 907; x_wconf 86' lang='lat' dir='ltr'><strong>temporalium</strong></span> <span class='ocrx_word' id='word_1_56' title='bbox 1579 839 1796 889; x_wconf 85' lang='lat' dir='ltr'><strong>Ecclesiae</strong></span> 
     </span>
     <span class='ocr_line' id='line_1_9' title="bbox 376 918 1795 986; baseline -0.001 -19"><span class='ocrx_word' id='word_1_57' title='bbox 376 935 472 967; x_wconf 86' lang='lat' dir='ltr'><strong>suae</strong></span> <span class='ocrx_word' id='word_1_58' title='bbox 487 958 501 978; x_wconf 92' lang='lat'>‚</span> <span class='ocrx_word' id='word_1_59' title='bbox 528 919 765 969; x_wconf 85' lang='lat' dir='ltr'><strong>fidelitatis</strong></span> <span class='ocrx_word' id='word_1_60' title='bbox 781 930 1132 969; x_wconf 89' lang='lat' dir='ltr'><strong>sacramentum</strong></span> <span class='ocrx_word' id='word_1_61' title='bbox 1145 929 1447 986; x_wconf 81' lang='lat' dir='ltr'><strong>exposceret,</strong></span> <span class='ocrx_word' id='word_1_62' title='bbox 1465 921 1625 986; x_wconf 89' lang='lat' dir='ltr'><strong>ipsum</strong></span> <span class='ocrx_word' id='word_1_63' title='bbox 1639 918 1795 967; x_wconf 90' lang='lat' dir='ltr'><strong>eidem</strong></span> 
     </span>
     <span class='ocr_line' id='line_1_10' title="bbox 375 998 1796 1064; baseline -0.001 -18"><span class='ocrx_word' id='word_1_64' title='bbox 375 1008 597 1064; x_wconf 89' lang='lat' dir='ltr'><strong>praestare</strong></span> <span class='ocrx_word' id='word_1_65' title='bbox 623 999 882 1058; x_wconf 83' lang='lat' dir='ltr'><strong>recusavit,</strong></span> <span class='ocrx_word' id='word_1_66' title='bbox 910 1015 1123 1046; x_wconf 88' lang='lat' dir='ltr'><strong>asserens</strong></span> <span class='ocrx_word' id='word_1_67' title='bbox 1142 1015 1243 1046; x_wconf 90' lang='lat' dir='ltr'><strong>non</strong></span> <span class='ocrx_word' id='word_1_68' title='bbox 1278 998 1391 1046; x_wconf 91' lang='lat' dir='ltr'><strong>duci</strong></span> <span class='ocrx_word' id='word_1_69' title='bbox 1420 998 1505 1046; x_wconf 92' lang='lat' dir='ltr'><strong>sed</strong></span> <span class='ocrx_word' id='word_1_70' title='bbox 1528 998 1627 1063; x_wconf 88' lang='lat' dir='ltr'><strong>regi</strong></span> <span class='ocrx_word' id='word_1_71' title='bbox 1650 1000 1796 1045; x_wconf 87' lang='lat' dir='ltr'><strong>Fran-</strong></span> 
     </span>
     <span class='ocr_line' id='line_1_11' title="bbox 376 1074 1797 1141; baseline -0.001 -18"><span class='ocrx_word' id='word_1_72' title='bbox 376 1092 548 1123; x_wconf 90' lang='lat' dir='ltr'><strong>corum</strong></span> <span class='ocrx_word' id='word_1_73' title='bbox 570 1076 800 1124; x_wconf 83' lang='lat' dir='ltr'><strong>duntaxat</strong></span> <span class='ocrx_word' id='word_1_74' title='bbox 823 1075 941 1123; x_wconf 93' lang='lat' dir='ltr'><strong>illud</strong></span> <span class='ocrx_word' id='word_1_75' title='bbox 973 1085 1193 1141; x_wconf 88' lang='lat' dir='ltr'><strong>praestare</strong></span> <span class='ocrx_word' id='word_1_76' title='bbox 1223 1075 1398 1124; x_wconf 92' lang='lat' dir='ltr'><strong>debere</strong></span> <span class='ocrx_word' id='word_1_77' title='bbox 1412 1112 1425 1137; x_wconf 92' lang='lat'><strong>,</strong></span> <span class='ocrx_word' id='word_1_78' title='bbox 1451 1092 1596 1140; x_wconf 91' lang='lat' dir='ltr'><strong>seque</strong></span> <span class='ocrx_word' id='word_1_79' title='bbox 1618 1074 1679 1122; x_wconf 93' lang='lat' dir='ltr'><strong>de</strong></span> <span class='ocrx_word' id='word_1_80' title='bbox 1701 1074 1797 1122; x_wconf 89' lang='lat' dir='ltr'><strong>hoc</strong></span> 
     </span>
     <span class='ocr_line' id='line_1_12' title="bbox 377 1153 1796 1218; baseline -0.001 -16"><span class='ocrx_word' id='word_1_81' title='bbox 377 1164 559 1202; x_wconf 86' lang='lat' dir='ltr'><strong>veteres</strong></span> <span class='ocrx_word' id='word_1_82' title='bbox 580 1171 748 1218; x_wconf 88' lang='lat' dir='ltr'><strong>regum</strong></span> <span class='ocrx_word' id='word_1_83' title='bbox 769 1164 921 1203; x_wconf 84' lang='lat' dir='ltr'><strong>cartas</strong></span> <span class='ocrx_word' id='word_1_84' title='bbox 936 1165 983 1202; x_wconf 91' lang='lat' dir='ltr'><strong>et</strong></span> <span class='ocrx_word' id='word_1_85' title='bbox 1000 1154 1158 1203; x_wconf 82' lang='lat' dir='ltr'><strong>valida</strong></span> <span class='ocrx_word' id='word_1_86' title='bbox 1178 1153 1358 1203; x_wconf 89' lang='lat' dir='ltr'><strong>habere</strong></span> <span class='ocrx_word' id='word_1_87' title='bbox 1375 1154 1682 1203; x_wconf 84' lang='lat' dir='ltr'><strong>documenta.</strong></span> <span class='ocrx_word' id='word_1_88' title='bbox 1708 1155 1796 1201; x_wconf 91' lang='lat' dir='ltr'><strong>Cui</strong></span> 
     </span>
     <span class='ocr_line' id='line_1_13' title="bbox 377 1231 1797 1295; baseline 0 -17"><span class='ocrx_word' id='word_1_89' title='bbox 377 1248 490 1278; x_wconf 91' lang='lat' dir='ltr'><strong>cum</strong></span> <span class='ocrx_word' id='word_1_90' title='bbox 506 1268 519 1291; x_wconf 94' lang='lat'><strong>,</strong></span> <span class='ocrx_word' id='word_1_91' title='bbox 544 1231 608 1279; x_wconf 94' lang='lat' dir='ltr'><strong>ob</strong></span> <span class='ocrx_word' id='word_1_92' title='bbox 628 1231 910 1295; x_wconf 90' lang='lat' dir='ltr'><strong>hujusmodi</strong></span> <span class='ocrx_word' id='word_1_93' title='bbox 925 1232 1300 1292; x_wconf 85' lang='lat' dir='ltr'><strong>recusationem,</strong></span> <span class='ocrx_word' id='word_1_94' title='bbox 1320 1232 1419 1279; x_wconf 81' lang='lat' dir='ltr'><strong>dux</strong></span> <span class='ocrx_word' id='word_1_95' title='bbox 1440 1231 1707 1279; x_wconf 86' lang='lat' dir='ltr'><strong>admodum</strong></span> <span class='ocrx_word' id='word_1_96' title='bbox 1727 1232 1797 1279; x_wconf 94' lang='lat' dir='ltr'><strong>in-</strong></span> 
     </span>
     <span class='ocr_line' id='line_1_14' title="bbox 377 1308 1797 1375; baseline 0 -19"><span class='ocrx_word' id='word_1_97' title='bbox 377 1309 538 1356; x_wconf 88' lang='lat' dir='ltr'><strong>fensus</strong></span> <span class='ocrx_word' id='word_1_98' title='bbox 558 1319 708 1368; x_wconf 91' lang='lat' dir='ltr'><strong>esset,</strong></span> <span class='ocrx_word' id='word_1_99' title='bbox 735 1310 837 1375; x_wconf 92' lang='lat' dir='ltr'><strong>ipse</strong></span> <span class='ocrx_word' id='word_1_100' title='bbox 861 1326 974 1357; x_wconf 90' lang='lat' dir='ltr'><strong>cum</strong></span> <span class='ocrx_word' id='word_1_101' title='bbox 1000 1310 1141 1357; x_wconf 89' lang='lat' dir='ltr'><strong>cartis</strong></span> <span class='ocrx_word' id='word_1_102' title='bbox 1164 1319 1212 1357; x_wconf 92' lang='lat' dir='ltr'><strong>et</strong></span> <span class='ocrx_word' id='word_1_103' title='bbox 1231 1309 1487 1374; x_wconf 87' lang='lat' dir='ltr'><strong>privilegiis</strong></span> <span class='ocrx_word' id='word_1_104' title='bbox 1508 1308 1604 1356; x_wconf 93' lang='lat' dir='ltr'><strong>suis</strong></span> <span class='ocrx_word' id='word_1_105' title='bbox 1638 1325 1797 1372; x_wconf 88' lang='lat' dir='ltr'><strong>regem</strong></span> 
     </span>
     <span class='ocr_line' id='line_1_15' title="bbox 378 1385 1798 1450; baseline -0.001 -16"><span class='ocrx_word' id='word_1_106' title='bbox 378 1387 509 1434; x_wconf 84' lang='lat' dir='ltr'><strong>adiit.</strong></span> <span class='ocrx_word' id='word_1_107' title='bbox 535 1390 692 1445; x_wconf 87' lang='lat' dir='ltr'><strong>Quem</strong></span> <span class='ocrx_word' id='word_1_108' title='bbox 714 1404 826 1434; x_wconf 89' lang='lat' dir='ltr'><strong>cum</strong></span> <span class='ocrx_word' id='word_1_109' title='bbox 845 1387 906 1435; x_wconf 91' lang='lat' dir='ltr'><strong>de</strong></span> <span class='ocrx_word' id='word_1_110' title='bbox 931 1387 1091 1435; x_wconf 89' lang='lat' dir='ltr'><strong>multis</strong></span> <span class='ocrx_word' id='word_1_111' title='bbox 1116 1386 1178 1435; x_wconf 89' lang='lat' dir='ltr'><strong>ad</strong></span> <span class='ocrx_word' id='word_1_112' title='bbox 1197 1402 1390 1434; x_wconf 88' lang='lat' dir='ltr'><strong>causam</strong></span> <span class='ocrx_word' id='word_1_113' title='bbox 1412 1401 1559 1450; x_wconf 91' lang='lat' dir='ltr'><strong>quam</strong></span> <span class='ocrx_word' id='word_1_114' title='bbox 1577 1385 1798 1434; x_wconf 82' lang='lat' dir='ltr'><strong>defensa—</strong></span> 
     </span>
     <span class='ocr_line' id='line_1_16' title="bbox 377 1463 1798 1527; baseline 0.001 -17"><span class='ocrx_word' id='word_1_115' title='bbox 377 1463 460 1511; x_wconf 92' lang='lat' dir='ltr'><strong>bat</strong></span> <span class='ocrx_word' id='word_1_116' title='bbox 487 1464 798 1512; x_wconf 88' lang='lat' dir='ltr'><strong>attinentibus</strong></span> <span class='ocrx_word' id='word_1_117' title='bbox 822 1465 1148 1527; x_wconf 87' lang='lat' dir='ltr'><strong>informasset,</strong></span> <span class='ocrx_word' id='word_1_118' title='bbox 1177 1474 1232 1512; x_wconf 91' lang='lat' dir='ltr'><strong>ut</strong></span> <span class='ocrx_word' id='word_1_119' title='bbox 1258 1481 1369 1512; x_wconf 91' lang='lat' dir='ltr'><strong>eum</strong></span> <span class='ocrx_word' id='word_1_120' title='bbox 1403 1463 1632 1512; x_wconf 86' lang='lat' dir='ltr'><strong>adversus</strong></span> <span class='ocrx_word' id='word_1_121' title='bbox 1659 1463 1798 1511; x_wconf 91' lang='lat' dir='ltr'><strong>ducis</strong></span> 
     </span>
     <span class='ocr_line' id='line_1_17' title="bbox 376 1541 1794 1607; baseline 0.001 -18"><span class='ocrx_word' id='word_1_122' title='bbox 376 1544 640 1607; x_wconf 87' lang='lat' dir='ltr'><strong>potentiam</strong></span> <span class='ocrx_word' id='word_1_123' title='bbox 664 1553 913 1601; x_wconf 86' lang='lat' dir='ltr'><strong>tutaretur,</strong></span> <span class='ocrx_word' id='word_1_124' title='bbox 941 1545 1085 1591; x_wconf 90' lang='lat' dir='ltr'><strong>etiam</strong></span> <span class='ocrx_word' id='word_1_125' title='bbox 1110 1543 1205 1591; x_wconf 90' lang='lat' dir='ltr'><strong>hoc</strong></span> <span class='ocrx_word' id='word_1_126' title='bbox 1230 1542 1331 1606; x_wconf 85' lang='lat' dir='ltr'><strong>regi</strong></span> <span class='ocrx_word' id='word_1_127' title='bbox 1363 1542 1647 1606; x_wconf 86' lang='lat' dir='ltr'><strong>suggessisse</strong></span> <span class='ocrx_word' id='word_1_128' title='bbox 1674 1541 1794 1590; x_wconf 91' lang='lat' dir='ltr'><strong>fere-</strong></span> 
     </span>
     <span class='ocr_line' id='line_1_18' title="bbox 375 1618 1798 1687; baseline -0.001 -19"><span class='ocrx_word' id='word_1_129' title='bbox 375 1620 518 1669; x_wconf 90' lang='lat' dir='ltr'><strong>batur</strong></span> <span class='ocrx_word' id='word_1_130' title='bbox 535 1621 668 1687; x_wconf 92' lang='lat' dir='ltr'><strong>quod</strong></span> <span class='ocrx_word' id='word_1_131' title='bbox 690 1622 855 1670; x_wconf 88' lang='lat' dir='ltr'><strong>civitas</strong></span> <span class='ocrx_word' id='word_1_132' title='bbox 868 1621 1182 1670; x_wconf 87' lang='lat' dir='ltr'><strong>Nannetensis</strong></span> <span class='ocrx_word' id='word_1_133' title='bbox 1202 1630 1249 1668; x_wconf 92' lang='lat' dir='ltr'><strong>et</strong></span> <span class='ocrx_word' id='word_1_134' title='bbox 1273 1619 1436 1668; x_wconf 86' lang='lat' dir='ltr'><strong>civitas</strong></span> <span class='ocrx_word' id='word_1_135' title='bbox 1452 1618 1798 1669; x_wconf 87' lang='lat' dir='ltr'><strong>Sancti-Maelo-</strong></span> 
     </span>
     <span class='ocr_line' id='line_1_19' title="bbox 375 1696 1798 1761; baseline 0 -17"><span class='ocrx_word' id='word_1_136' title='bbox 375 1698 465 1758; x_wconf 87' lang='lat' dir='ltr'><strong>vii,</strong></span> <span class='ocrx_word' id='word_1_137' title='bbox 491 1715 605 1746; x_wconf 90' lang='lat' dir='ltr'><strong>cum</strong></span> <span class='ocrx_word' id='word_1_138' title='bbox 625 1698 871 1746; x_wconf 89' lang='lat' dir='ltr'><strong>nonnullis</strong></span> <span class='ocrx_word' id='word_1_139' title='bbox 891 1698 996 1746; x_wconf 89' lang='lat' dir='ltr'><strong>aliis</strong></span> <span class='ocrx_word' id='word_1_140' title='bbox 1014 1698 1132 1746; x_wconf 90' lang='lat' dir='ltr'><strong>locis</strong></span> <span class='ocrx_word' id='word_1_141' title='bbox 1149 1697 1425 1759; x_wconf 85' lang='lat' dir='ltr'><strong>Britannioe,</strong></span> <span class='ocrx_word' id='word_1_142' title='bbox 1446 1696 1508 1745; x_wconf 91' lang='lat' dir='ltr'><strong>ad</strong></span> <span class='ocrx_word' id='word_1_143' title='bbox 1519 1697 1598 1761; x_wconf 86' lang='lat' dir='ltr'><strong>jus</strong></span> <span class='ocrx_word' id='word_1_144' title='bbox 1613 1697 1798 1761; x_wconf 84' lang='lat' dir='ltr'><strong>regium</strong></span> 
     </span>
     <span class='ocr_line' id='line_1_20' title="bbox 378 1775 1380 1840; baseline -0.001 -18"><span class='ocrx_word' id='word_1_145' title='bbox 378 1784 426 1822; x_wconf 92' lang='lat' dir='ltr'><strong>et</strong></span> <span class='ocrx_word' id='word_1_146' title='bbox 447 1792 544 1822; x_wconf 94' lang='lat' dir='ltr'><strong>non</strong></span> <span class='ocrx_word' id='word_1_147' title='bbox 569 1775 632 1823; x_wconf 92' lang='lat' dir='ltr'><strong>ad</strong></span> <span class='ocrx_word' id='word_1_148' title='bbox 654 1775 829 1823; x_wconf 85' lang='lat' dir='ltr'><strong>ducem</strong></span> <span class='ocrx_word' id='word_1_149' title='bbox 850 1777 1089 1840; x_wconf 90' lang='lat' dir='ltr'><strong>pertinere</strong></span> <span class='ocrx_word' id='word_1_150' title='bbox 1111 1775 1341 1823; x_wconf 92' lang='lat' dir='ltr'><strong>deberent</strong></span> <span class='ocrx_word' id='word_1_151' title='bbox 1351 1777 1380 1820; x_wconf 80' lang='lat'><strong>³.</strong></span> 
     </span>
    </p>

    <p class='ocr_par' dir='ltr' id='par_1_4' title="bbox 445 1851 1796 1918">
     <span class='ocr_line' id='line_1_21' title="bbox 445 1851 1796 1918; baseline -0.001 -19"><span class='ocrx_word' id='word_1_152' title='bbox 445 1853 647 1901; x_wconf 89' lang='lat' dir='ltr'><strong>Visitans</strong></span> <span class='ocrx_word' id='word_1_153' title='bbox 670 1854 828 1918; x_wconf 90' lang='lat' dir='ltr'><strong>itaque</strong></span> <span class='ocrx_word' id='word_1_154' title='bbox 857 1869 940 1900; x_wconf 86' lang='lat' dir='ltr'><strong>rex</strong></span> <span class='ocrx_word' id='word_1_155' title='bbox 965 1853 1216 1901; x_wconf 79' lang='lat' dir='ltr'><strong>Britanniae</strong></span> <span class='ocrx_word' id='word_1_156' title='bbox 1240 1862 1412 1912; x_wconf 88' lang='lat' dir='ltr'><strong>terras,</strong></span> <span class='ocrx_word' id='word_1_157' title='bbox 1436 1868 1462 1898; x_wconf 90' lang='lat' dir='ltr'><strong>a</strong></span> <span class='ocrx_word' id='word_1_158' title='bbox 1483 1851 1669 1899; x_wconf 91' lang='lat' dir='ltr'><strong>ducein</strong></span> <span class='ocrx_word' id='word_1_159' title='bbox 1692 1852 1796 1917; x_wconf 92' lang='lat' dir='ltr'><strong>ipsa</strong></span> 
     </span>
    </p>
   </div>
   <div class='ocr_carea' id='block_1_3' title="bbox 379 2022 1801 2838">
    <p class='ocr_par' dir='ltr' id='par_1_5' title="bbox 435 2022 1130 2074">
     <span class='ocr_line' id='line_1_22' title="bbox 435 2022 1130 2074; baseline 0 -12"><span class='ocrx_word' id='word_1_160' title='bbox 435 2026 474 2064; x_wconf 86' lang='lat'><strong>1.</strong></span> <span class='ocrx_word' id='word_1_161' title='bbox 505 2024 702 2074; x_wconf 66' lang='lat' dir='ltr'><strong>Francois,</strong></span> <span class='ocrx_word' id='word_1_162' title='bbox 722 2023 926 2062; x_wconf 78' lang='lat' dir='ltr'><strong>deuxieme</strong></span> <span class='ocrx_word' id='word_1_163' title='bbox 948 2022 1002 2061; x_wconf 91' lang='lat' dir='ltr'><strong>du</strong></span> <span class='ocrx_word' id='word_1_164' title='bbox 1023 2035 1130 2062; x_wconf 91' lang='lat' dir='ltr'><strong>nom.</strong></span> 
     </span>
    </p>

    <p class='ocr_par' dir='ltr' id='par_1_6' title="bbox 379 2081 1800 2314">
     <span class='ocr_line' id='line_1_23' title="bbox 432 2081 1799 2136; baseline -0.001 -14"><span class='ocrx_word' id='word_1_165' title='bbox 432 2086 473 2123; x_wconf 78' lang='lat'><strong>2.</strong></span> <span class='ocrx_word' id='word_1_166' title='bbox 499 2085 673 2134; x_wconf 82' lang='lat' dir='ltr'><strong>Amaury</strong></span> <span class='ocrx_word' id='word_1_167' title='bbox 693 2083 894 2135; x_wconf 78' lang='lat' dir='ltr'><strong>d’Acigne,</strong></span> <span class='ocrx_word' id='word_1_168' title='bbox 917 2096 1058 2135; x_wconf 88' lang='lat' dir='ltr'><strong>promu</strong></span> <span class='ocrx_word' id='word_1_169' title='bbox 1083 2096 1134 2121; x_wconf 92' lang='lat' dir='ltr'><strong>au</strong></span> <span class='ocrx_word' id='word_1_170' title='bbox 1165 2082 1269 2136; x_wconf 70' lang='lat' dir='ltr'><strong>siege</strong></span> <span class='ocrx_word' id='word_1_171' title='bbox 1294 2081 1488 2134; x_wconf 80' lang='lat' dir='ltr'><strong>episcopal</strong></span> <span class='ocrx_word' id='word_1_172' title='bbox 1515 2082 1564 2121; x_wconf 94' lang='lat' dir='ltr'><strong>de</strong></span> <span class='ocrx_word' id='word_1_173' title='bbox 1594 2084 1736 2121; x_wconf 85' lang='lat' dir='ltr'><strong>Nautes</strong></span> <span class='ocrx_word' id='word_1_174' title='bbox 1761 2081 1799 2120; x_wconf 92' lang='lat' dir='ltr'><strong>le</strong></span> 
     </span>
     <span class='ocr_line' id='line_1_24' title="bbox 380 2141 1800 2194; baseline -0.001 -13"><span class='ocrx_word' id='word_1_175' title='bbox 380 2145 431 2181; x_wconf 83' lang='lat'><strong>29</strong></span> <span class='ocrx_word' id='word_1_176' title='bbox 450 2155 553 2180; x_wconf 88' lang='lat' dir='ltr'><strong>mars</strong></span> <span class='ocrx_word' id='word_1_177' title='bbox 571 2144 692 2191; x_wconf 70' lang='lat'><strong>1462,</strong></span> <span class='ocrx_word' id='word_1_178' title='bbox 712 2155 783 2194; x_wconf 87' lang='lat' dir='ltr'><strong>par</strong></span> <span class='ocrx_word' id='word_1_179' title='bbox 799 2142 897 2181; x_wconf 87' lang='lat' dir='ltr'><strong>suite</strong></span> <span class='ocrx_word' id='word_1_180' title='bbox 917 2142 967 2181; x_wconf 90' lang='lat' dir='ltr'><strong>de</strong></span> <span class='ocrx_word' id='word_1_181' title='bbox 984 2142 1022 2180; x_wconf 91' lang='lat' dir='ltr'><strong>la</strong></span> <span class='ocrx_word' id='word_1_182' title='bbox 1036 2141 1270 2194; x_wconf 76' lang='lat' dir='ltr'><strong>resignation</strong></span> <span class='ocrx_word' id='word_1_183' title='bbox 1287 2141 1335 2180; x_wconf 92' lang='lat' dir='ltr'><strong>de</strong></span> <span class='ocrx_word' id='word_1_184' title='bbox 1354 2155 1424 2180; x_wconf 89' lang='lat' dir='ltr'><strong>son</strong></span> <span class='ocrx_word' id='word_1_185' title='bbox 1438 2141 1565 2191; x_wconf 90' lang='lat' dir='ltr'><strong>oncle,</strong></span> <span class='ocrx_word' id='word_1_186' title='bbox 1580 2141 1800 2181; x_wconf 85' lang='lat' dir='ltr'><strong>Guillaume</strong></span> 
     </span>
     <span class='ocr_line' id='line_1_25' title="bbox 379 2201 1798 2254; baseline 0.001 -14"><span class='ocrx_word' id='word_1_187' title='bbox 379 2201 428 2240; x_wconf 93' lang='lat' dir='ltr'><strong>de</strong></span> <span class='ocrx_word' id='word_1_188' title='bbox 446 2201 671 2250; x_wconf 83' lang='lat' dir='ltr'><strong>Malestroit‚</strong></span> <span class='ocrx_word' id='word_1_189' title='bbox 691 2202 760 2253; x_wconf 90' lang='lat' dir='ltr'><strong>qui</strong></span> <span class='ocrx_word' id='word_1_190' title='bbox 777 2202 879 2240; x_wconf 87' lang='lat' dir='ltr'><strong>avait</strong></span> <span class='ocrx_word' id='word_1_191' title='bbox 896 2203 1119 2240; x_wconf 78' lang='lat' dir='ltr'><strong>commence</strong></span> <span class='ocrx_word' id='word_1_192' title='bbox 1136 2210 1234 2241; x_wconf 89' lang='lat' dir='ltr'><strong>cette</strong></span> <span class='ocrx_word' id='word_1_193' title='bbox 1255 2202 1428 2254; x_wconf 91' lang='lat' dir='ltr'><strong>querelle</strong></span> <span class='ocrx_word' id='word_1_194' title='bbox 1445 2202 1499 2241; x_wconf 95' lang='lat' dir='ltr'><strong>du</strong></span> <span class='ocrx_word' id='word_1_195' title='bbox 1516 2210 1685 2243; x_wconf 85' lang='lat' dir='ltr'><strong>serment</strong></span> <span class='ocrx_word' id='word_1_196' title='bbox 1703 2214 1798 2243; x_wconf 86' lang='lat' dir='ltr'><strong>avec</strong></span> 
     </span>
     <span class='ocr_line' id='line_1_26' title="bbox 386 2257 1027 2314; baseline 0.002 -13"><span class='ocrx_word' id='word_1_197' title='bbox 386 2264 423 2302; x_wconf 91' lang='lat' dir='ltr'><strong>le</strong></span> <span class='ocrx_word' id='word_1_198' title='bbox 443 2257 509 2302; x_wconf 70' lang='lat' dir='ltr'><strong>reu‘</strong></span> <span class='ocrx_word' id='word_1_199' title='bbox 529 2262 604 2301; x_wconf 90' lang='lat' dir='ltr'><strong>duc</strong></span> <span class='ocrx_word' id='word_1_200' title='bbox 622 2265 740 2301; x_wconf 86' lang='lat' dir='ltr'><strong>Artus</strong></span> <span class='ocrx_word' id='word_1_201' title='bbox 757 2262 806 2301; x_wconf 90' lang='lat' dir='ltr'><strong>de</strong></span> <span class='ocrx_word' id='word_1_202' title='bbox 825 2266 1027 2314; x_wconf 87' lang='lat' dir='ltr'><strong>Bretagne.</strong></span> 
     </span>
    </p>

    <p class='ocr_par' dir='ltr' id='par_1_7' title="bbox 379 2322 1801 2838">
     <span class='ocr_line' id='line_1_27' title="bbox 435 2322 1799 2376; baseline -0.002 -14"><span class='ocrx_word' id='word_1_203' title='bbox 435 2325 473 2362; x_wconf 85' lang='lat'><strong>3.</strong></span> <span class='ocrx_word' id='word_1_204' title='bbox 502 2322 683 2361; x_wconf 85' lang='lat' dir='ltr'><strong>L’asfaire</strong></span> <span class='ocrx_word' id='word_1_205' title='bbox 702 2322 751 2361; x_wconf 91' lang='lat' dir='ltr'><strong>de</strong></span> <span class='ocrx_word' id='word_1_206' title='bbox 768 2322 946 2374; x_wconf 75' lang='lat' dir='ltr'><strong>l&#39;eveque</strong></span> <span class='ocrx_word' id='word_1_207' title='bbox 962 2323 1010 2362; x_wconf 95' lang='lat' dir='ltr'><strong>de</strong></span> <span class='ocrx_word' id='word_1_208' title='bbox 1029 2326 1172 2362; x_wconf 85' lang='lat' dir='ltr'><strong>Nautes</strong></span> <span class='ocrx_word' id='word_1_209' title='bbox 1190 2324 1335 2363; x_wconf 86' lang='lat' dir='ltr'><strong>n’avait</strong></span> <span class='ocrx_word' id='word_1_210' title='bbox 1352 2337 1421 2376; x_wconf 87' lang='lat' dir='ltr'><strong>pas</strong></span> <span class='ocrx_word' id='word_1_211' title='bbox 1439 2324 1476 2362; x_wconf 91' lang='lat' dir='ltr'><strong>le</strong></span> <span class='ocrx_word' id='word_1_212' title='bbox 1493 2323 1687 2366; x_wconf 75' lang='lat' dir='ltr'><strong>caractere</strong></span> <span class='ocrx_word' id='word_1_213' title='bbox 1705 2334 1799 2374; x_wconf 89' lang='lat' dir='ltr'><strong>per-</strong></span> 
     </span>
     <span class='ocr_line' id='line_1_28' title="bbox 380 2381 1798 2436; baseline -0.001 -15"><span class='ocrx_word' id='word_1_214' title='bbox 380 2382 515 2421; x_wconf 82' lang='lat' dir='ltr'><strong>sonne}</strong></span> <span class='ocrx_word' id='word_1_215' title='bbox 537 2395 614 2433; x_wconf 90' lang='lat' dir='ltr'><strong>que</strong></span> <span class='ocrx_word' id='word_1_216' title='bbox 633 2382 798 2421; x_wconf 85' lang='lat' dir='ltr'><strong>l’auteur</strong></span> <span class='ocrx_word' id='word_1_217' title='bbox 817 2382 953 2421; x_wconf 87' lang='lat' dir='ltr'><strong>affecte</strong></span> <span class='ocrx_word' id='word_1_218' title='bbox 979 2382 1028 2422; x_wconf 93' lang='lat' dir='ltr'><strong>de</strong></span> <span class='ocrx_word' id='word_1_219' title='bbox 1047 2382 1288 2433; x_wconf 74' lang='lat' dir='ltr'><strong>luidonner,</strong></span> <span class='ocrx_word' id='word_1_220' title='bbox 1314 2383 1478 2436; x_wconf 85' lang='lat' dir='ltr'><strong>puisque</strong></span> <span class='ocrx_word' id='word_1_221' title='bbox 1496 2383 1534 2421; x_wconf 88' lang='lat' dir='ltr'><strong>la</strong></span> <span class='ocrx_word' id='word_1_222' title='bbox 1551 2382 1730 2433; x_wconf 85' lang='lat' dir='ltr'><strong>question</strong></span> <span class='ocrx_word' id='word_1_223' title='bbox 1749 2381 1798 2419; x_wconf 94' lang='lat' dir='ltr'><strong>de</strong></span> 
     </span>
     <span class='ocr_line' id='line_1_29' title="bbox 379 2440 1800 2495; baseline -0.001 -15"><span class='ocrx_word' id='word_1_224' title='bbox 379 2441 418 2480; x_wconf 88' lang='lat' dir='ltr'><strong>la</strong></span> <span class='ocrx_word' id='word_1_225' title='bbox 438 2441 569 2495; x_wconf 75' lang='lat' dir='ltr'><strong>regale</strong></span> <span class='ocrx_word' id='word_1_226' title='bbox 586 2455 614 2492; x_wconf 85' lang='lat' dir='ltr'><strong>y</strong></span> <span class='ocrx_word' id='word_1_227' title='bbox 629 2441 720 2481; x_wconf 80' lang='lat' dir='ltr'><strong>etait</strong></span> <span class='ocrx_word' id='word_1_228' title='bbox 736 2450 928 2481; x_wconf 86' lang='lat' dir='ltr'><strong>contenue</strong></span> <span class='ocrx_word' id='word_1_229' title='bbox 946 2451 1029 2481; x_wconf 90' lang='lat' dir='ltr'><strong>tout</strong></span> <span class='ocrx_word' id='word_1_230' title='bbox 1046 2442 1208 2491; x_wconf 76' lang='lat' dir='ltr'><strong>entiere,</strong></span> <span class='ocrx_word' id='word_1_231' title='bbox 1228 2451 1266 2482; x_wconf 92' lang='lat' dir='ltr'><strong>et</strong></span> <span class='ocrx_word' id='word_1_232' title='bbox 1284 2443 1379 2495; x_wconf 89' lang='lat' dir='ltr'><strong>qu’il</strong></span> <span class='ocrx_word' id='word_1_233' title='bbox 1399 2442 1586 2494; x_wconf 81' lang='lat' dir='ltr'><strong>s&#39;agissait</strong></span> <span class='ocrx_word' id='word_1_234' title='bbox 1603 2441 1651 2480; x_wconf 91' lang='lat' dir='ltr'><strong>de</strong></span> <span class='ocrx_word' id='word_1_235' title='bbox 1670 2440 1800 2480; x_wconf 85' lang='lat' dir='ltr'><strong>savoir</strong></span> 
     </span>
     <span class='ocr_line' id='line_1_30' title="bbox 381 2501 1801 2554; baseline -0.001 -14"><span class='ocrx_word' id='word_1_236' title='bbox 381 2502 414 2541; x_wconf 88' lang='lat' dir='ltr'><strong>si</strong></span> <span class='ocrx_word' id='word_1_237' title='bbox 432 2501 470 2540; x_wconf 83' lang='lat' dir='ltr'><strong>le</strong></span> <span class='ocrx_word' id='word_1_238' title='bbox 491 2501 567 2540; x_wconf 90' lang='lat' dir='ltr'><strong>duc</strong></span> <span class='ocrx_word' id='word_1_239' title='bbox 588 2501 638 2540; x_wconf 91' lang='lat' dir='ltr'><strong>de</strong></span> <span class='ocrx_word' id='word_1_240' title='bbox 658 2504 849 2553; x_wconf 87' lang='lat' dir='ltr'><strong>Bretagne</strong></span> <span class='ocrx_word' id='word_1_241' title='bbox 867 2501 1062 2553; x_wconf 76' lang='lat' dir='ltr'><strong>possedait</strong></span> <span class='ocrx_word' id='word_1_242' title='bbox 1087 2504 1108 2540; x_wconf 75' lang='lat' dir='ltr'><strong>a</strong></span> <span class='ocrx_word' id='word_1_243' title='bbox 1129 2502 1231 2541; x_wconf 90' lang='lat' dir='ltr'><strong>droit</strong></span> <span class='ocrx_word' id='word_1_244' title='bbox 1252 2517 1304 2542; x_wconf 93' lang='lat' dir='ltr'><strong>ou</strong></span> <span class='ocrx_word' id='word_1_245' title='bbox 1327 2505 1349 2541; x_wconf 77' lang='lat' dir='ltr'><strong>a</strong></span> <span class='ocrx_word' id='word_1_246' title='bbox 1368 2510 1445 2541; x_wconf 90' lang='lat' dir='ltr'><strong>tort</strong></span> <span class='ocrx_word' id='word_1_247' title='bbox 1461 2502 1517 2541; x_wconf 91' lang='lat' dir='ltr'><strong>les</strong></span> <span class='ocrx_word' id='word_1_248' title='bbox 1535 2501 1801 2554; x_wconf 79' lang='lat' dir='ltr'><strong>prerogatives</strong></span> 
     </span>
     <span class='ocr_line' id='line_1_31' title="bbox 381 2560 1800 2615; baseline 0.001 -16"><span class='ocrx_word' id='word_1_249' title='bbox 381 2561 430 2599; x_wconf 91' lang='lat' dir='ltr'><strong>de</strong></span> <span class='ocrx_word' id='word_1_250' title='bbox 447 2560 485 2599; x_wconf 87' lang='lat' dir='ltr'><strong>la</strong></span> <span class='ocrx_word' id='word_1_251' title='bbox 503 2561 769 2600; x_wconf 79' lang='lat' dir='ltr'><strong>souverainete</strong></span> <span class='ocrx_word' id='word_1_252' title='bbox 789 2561 883 2612; x_wconf 91' lang='lat' dir='ltr'><strong>qu&#39;il</strong></span> <span class='ocrx_word' id='word_1_253' title='bbox 899 2561 1127 2601; x_wconf 78' lang='lat' dir='ltr'><strong>s&#39;attribuait</strong></span> <span class='ocrx_word' id='word_1_254' title='bbox 1144 2576 1312 2615; x_wconf 87' lang='lat' dir='ltr'><strong>presque</strong></span> <span class='ocrx_word' id='word_1_255' title='bbox 1331 2571 1470 2602; x_wconf 91' lang='lat' dir='ltr'><strong>toutes.</strong></span> <span class='ocrx_word' id='word_1_256' title='bbox 1488 2565 1593 2601; x_wconf 85' lang='lat' dir='ltr'><strong>Pour</strong></span> <span class='ocrx_word' id='word_1_257' title='bbox 1606 2561 1800 2601; x_wconf 77' lang='lat' dir='ltr'><strong>s’eclairer</strong></span> 
     </span>
     <span class='ocr_line' id='line_1_32' title="bbox 381 2618 1801 2675; baseline -0.001 -16"><span class='ocrx_word' id='word_1_258' title='bbox 381 2633 448 2659; x_wconf 89' lang='lat' dir='ltr'><strong>sur</strong></span> <span class='ocrx_word' id='word_1_259' title='bbox 462 2626 559 2658; x_wconf 90' lang='lat' dir='ltr'><strong>cette</strong></span> <span class='ocrx_word' id='word_1_260' title='bbox 576 2620 751 2668; x_wconf 70' lang='lat' dir='ltr'><strong>madere,</strong></span> <span class='ocrx_word' id='word_1_261' title='bbox 764 2618 795 2658; x_wconf 90' lang='lat' dir='ltr'><strong>il</strong></span> <span class='ocrx_word' id='word_1_262' title='bbox 809 2620 891 2658; x_wconf 86' lang='lat' dir='ltr'><strong>faut</strong></span> <span class='ocrx_word' id='word_1_263' title='bbox 907 2620 978 2659; x_wconf 87' lang='lat' dir='ltr'><strong>lire</strong></span> <span class='ocrx_word' id='word_1_264' title='bbox 994 2620 1050 2659; x_wconf 93' lang='lat' dir='ltr'><strong>les</strong></span> <span class='ocrx_word' id='word_1_265' title='bbox 1065 2622 1271 2661; x_wconf 80' lang='lat' dir='ltr'><strong>memoires</strong></span> <span class='ocrx_word' id='word_1_266' title='bbox 1286 2622 1583 2675; x_wconf 88' lang='lat' dir='ltr'><strong>diplomatiques</strong></span> <span class='ocrx_word' id='word_1_267' title='bbox 1601 2619 1801 2673; x_wconf 77' lang='lat' dir='ltr'><strong>imprimes</strong></span> 
     </span>
     <span class='ocr_line' id='line_1_33' title="bbox 382 2679 1798 2737; baseline 0 -19"><span class='ocrx_word' id='word_1_268' title='bbox 382 2693 453 2731; x_wconf 88' lang='lat' dir='ltr'><strong>par</strong></span> <span class='ocrx_word' id='word_1_269' title='bbox 465 2682 514 2719; x_wconf 90' lang='lat' dir='ltr'><strong>D.</strong></span> <span class='ocrx_word' id='word_1_270' title='bbox 537 2679 681 2718; x_wconf 89' lang='lat' dir='ltr'><strong>Morice</strong></span> <span class='ocrx_word' id='word_1_271' title='bbox 706 2679 800 2718; x_wconf 89' lang='lat' dir='ltr'><strong>dans</strong></span> <span class='ocrx_word' id='word_1_272' title='bbox 824 2679 861 2718; x_wconf 93' lang='lat' dir='ltr'><strong>le</strong></span> <span class='ocrx_word' id='word_1_273' title='bbox 886 2688 914 2718; x_wconf 94' lang='lat' dir='ltr'><strong>t.</strong></span> <span class='ocrx_word' id='word_1_274' title='bbox 941 2683 999 2718; x_wconf 92' lang='lat' dir='ltr'><strong>III</strong></span> <span class='ocrx_word' id='word_1_275' title='bbox 1018 2680 1085 2719; x_wconf 91' lang='lat' dir='ltr'><strong>des</strong></span> <span class='ocrx_word' id='word_1_276' title='bbox 1109 2694 1277 2732; x_wconf 88' lang='lat' dir='ltr'><strong>preuves</strong></span> <span class='ocrx_word' id='word_1_277' title='bbox 1293 2682 1342 2721; x_wconf 93' lang='lat' dir='ltr'><strong>de</strong></span> <span class='ocrx_word' id='word_1_278' title='bbox 1357 2695 1429 2720; x_wconf 89' lang='lat' dir='ltr'><strong>son</strong></span> <span class='ocrx_word' id='word_1_279' title='bbox 1447 2684 1616 2719; x_wconf 82' lang='lat' dir='ltr'><strong>Histoire</strong></span> <span class='ocrx_word' id='word_1_280' title='bbox 1632 2682 1684 2737; x_wconf 61' lang='lat' dir='ltr'><strong>fle</strong></span> <span class='ocrx_word' id='word_1_281' title='bbox 1695 2683 1798 2719; x_wconf 85' lang='lat' dir='ltr'><strong>Bre-</strong></span> 
     </span>
     <span class='ocr_line' id='line_1_34' title="bbox 382 2737 1798 2792; baseline 0.001 -17"><span class='ocrx_word' id='word_1_282' title='bbox 382 2748 521 2790; x_wconf 78' lang='lat' dir='ltr'><strong>tagne,</strong></span> <span class='ocrx_word' id='word_1_283' title='bbox 541 2746 579 2779; x_wconf 83' lang='lat' dir='ltr'><strong>et</strong></span> <span class='ocrx_word' id='word_1_284' title='bbox 596 2739 947 2791; x_wconf 78' lang='lat' dir='ltr'><strong>particulierement</strong></span> <span class='ocrx_word' id='word_1_285' title='bbox 970 2737 1007 2778; x_wconf 85' lang='lat' dir='ltr'><strong>la</strong></span> <span class='ocrx_word' id='word_1_286' title='bbox 1027 2739 1136 2791; x_wconf 81' lang='lat' dir='ltr'><strong>piece</strong></span> <span class='ocrx_word' id='word_1_287' title='bbox 1156 2741 1224 2791; x_wconf 90' lang='lat' dir='ltr'><strong>qui</strong></span> <span class='ocrx_word' id='word_1_288' title='bbox 1245 2754 1287 2780; x_wconf 92' lang='lat' dir='ltr'><strong>se</strong></span> <span class='ocrx_word' id='word_1_289' title='bbox 1308 2750 1444 2781; x_wconf 89' lang='lat' dir='ltr'><strong>trouve</strong></span> <span class='ocrx_word' id='word_1_290' title='bbox 1466 2742 1488 2778; x_wconf 77' lang='lat' dir='ltr'><strong>a</strong></span> <span class='ocrx_word' id='word_1_291' title='bbox 1506 2740 1543 2779; x_wconf 87' lang='lat' dir='ltr'><strong>la</strong></span> <span class='ocrx_word' id='word_1_292' title='bbox 1559 2753 1660 2792; x_wconf 84' lang='lat' dir='ltr'><strong>page</strong></span> <span class='ocrx_word' id='word_1_293' title='bbox 1677 2741 1728 2778; x_wconf 73' lang='lat'><strong>44</strong></span> <span class='ocrx_word' id='word_1_294' title='bbox 1747 2738 1798 2777; x_wconf 88' lang='lat' dir='ltr'><strong>de</strong></span> 
     </span>
     <span class='ocr_line' id='line_1_35' title="bbox 379 2798 613 2838; baseline 0 -1"><span class='ocrx_word' id='word_1_295' title='bbox 379 2811 424 2837; x_wconf 85' lang='lat' dir='ltr'><strong>ce</strong></span> <span class='ocrx_word' id='word_1_296' title='bbox 441 2798 613 2838; x_wconf 81' lang='lat' dir='ltr'><strong>volume.</strong></span> 
     </span>
    </p>
   </div>
  </div>
 </body>
</html>
