2054 3470
758 347 905 382 LIBER
938 346 1157 382 TERTIUS.
1589 347 1660 383 221

323 436 467 500 Igitur
483 432 654 481 talibus
674 431 839 478 futurae
860 430 1186 478 dissensionis¹
1207 441 1252 484 et
1275 432 1418 479 futuri
1437 433 1547 480 belli
1566 436 1667 498 qui-

255 513 458 562 busdam
474 510 618 559 veluti
633 508 871 575 praeludiis
884 508 1077 568 habitis,
1097 509 1234 573 legati
1253 519 1300 556 et
1315 510 1522 574 epistolae
1542 512 1665 557 ultro

255 593 471 655 citroque
496 597 718 647 currunt,
731 596 994 652 poscentes
1015 585 1287 634 ablatorum
1307 596 1354 633 et
1374 586 1464 634 sub
1486 598 1664 635 arresto

257 668 559 717 detentorum
601 664 704 711 fleri
743 664 967 728 utrinque
1002 664 1349 711 restitutionem
1385 682 1395 710 :
1435 664 1665 711 offerente

254 763 310 795 ex
337 756 468 811 parte
499 760 584 791 sua
612 742 1006 807 Burgundionum
1038 742 1185 800 duce,
1217 758 1324 789 eam
1351 759 1400 789 se
1430 742 1665 790 facturum

253 824 370 884 fore,
394 821 542 870 modo
566 821 779 868 similiter
803 837 882 867 rex
908 821 1049 867 etiam
1075 823 1367 867 Francorum
1390 819 1666 884 disponeret

252 899 635 964 exsecutionique
657 898 920 945 mandaret.
946 901 1000 944 Et
1019 898 1214 962 quidem
1234 915 1319 963 per
1338 898 1518 962 aliquot
1536 915 1666 945 men-

252 994 324 1025 ses
344 987 390 1025 et
408 977 492 1024 diu
512 978 624 1024 satis
643 976 877 1024 creditum
895 986 967 1025 est
985 975 1086 1023 fieri
1103 976 1294 1023 debere.
1318 976 1411 1023 Sed
1430 976 1664 1040 quidquid

251 1054 326 1102 vel
342 1055 546 1118 justitiae,
572 1053 646 1101 vel
669 1052 1015 1101 benevolentiae
1040 1053 1180 1100 verba
1206 1053 1563 1118 protenderent,
1591 1070 1666 1101 res

251 1131 362 1196 ipsae
377 1148 561 1198 semper
577 1132 625 1178 in
637 1131 875 1178 deteriora
885 1130 1105 1190 ruebant,
1116 1131 1510 1195 jaciebanturque
1523 1141 1665 1196 atque

251 1209 624 1274 exquirebantur
645 1225 730 1274 per
761 1225 920 1272 regem
943 1208 1177 1255 inferendi
1201 1208 1510 1257 fundamenta
1532 1210 1660 1257 belli.

318 1286 400 1334 llle
434 1287 562 1334 enim
598 1285 939 1350 perfidissimus
967 1286 1187 1350 proditor
1220 1287 1472 1345 lVarvich,
1498 1287 1665 1334 videns

254 1381 305 1412 se
337 1380 486 1427 regno
524 1363 697 1427 Angliae
731 1373 776 1410 et
807 1364 957 1428 patria
988 1364 1215 1426 ejectum,
1257 1381 1347 1411 nec
1375 1364 1435 1411 ad
1468 1382 1664 1432 recupe—

254 1440 457 1488 randum
477 1441 676 1505 patriam
700 1449 747 1486 et
768 1456 846 1501 ea,
874 1456 980 1504 quae
1004 1440 1186 1504 fugiens
1209 1442 1496 1506 reliquisset,
1524 1443 1666 1491 aliam

255 1517 344 1565 sibi
375 1518 512 1565 facile
542 1527 702 1583 patere
737 1534 876 1582 posse
904 1518 1054 1577 viam,
1092 1535 1238 1582 quam
1280 1520 1318 1566 si
1356 1520 1424 1567 eis
1457 1537 1580 1585 quos
1615 1521 1664 1568 in

256 1596 421 1659 Anglia
452 1595 660 1642 habebat
696 1594 965 1642 favoribus²
997 1596 1136 1642 etiam
1169 1613 1251 1643 eos
1282 1614 1404 1661 quos
1434 1599 1666 1646 Henricus

255 1689 359 1732 rex,
386 1673 434 1719 in
457 1673 727 1737 captivitate
750 1671 992 1734 detentus,
1020 1673 1178 1720 adhuc
1203 1674 1251 1720 in
1274 1675 1416 1738 vulgo
1433 1677 1666 1741 plurimos

255 1749 488 1810 habebat,
526 1750 574 1796 in
613 1766 762 1796 unum
790 1749 1010 1813 jungeret
1034 1760 1175 1814 atque
1200 1751 1472 1816 copularet,
1498 1771 1666 1802 omnes

254 1842 362 1874 suas
384 1835 506 1874 artes
532 1826 595 1873 ad
616 1827 962 1874 machinandos
984 1827 1123 1875 dolos
1146 1839 1191 1876 et
1213 1829 1534 1894 proditiones,
1558 1832 1667 1895 qui-

252 1902 343 1951 bus
379 1904 625 1968 insigniter
658 1914 759 1952 erat
805 1915 971 1969 atque·
992 1906 1245 1971 opulenter
1282 1907 1563 1967 instructus,
1605 1910 1665 1957 ad

253 1997 358 2029 eam
406 1998 506 2029 rem
553 1981 894 2047 perficiendam
935 1985 1188 2031 contraxit.
1232 1985 1448 2033 Habebat
1488 1988 1667 2054 quippe

253 2057 382 2122 apud
412 2058 583 2121 vulgus
619 2059 946 2122 anglicanum,
978 2076 1102 2124 quos
1130 2060 1221 2107 sibi
1252 2062 1390 2109 variis
1416 2066 1596 2111 astutiis
1620 2075 1667 2112 et

255 2134 604 2194 moliminibus,
650 2137 899 2184 onerando
944 2148 990 2185 et
1026 2139 1319 2204 inculpando
1356 2141 1662 2203 Edoardum,

255 2222 576 2278 compararat,
615 2215 1035 2279 quamplurimos’.
1063 2218 1289 2265 Similiter
1317 2219 1458 2267 etiam
1488 2231 1534 2268 et
1562 2221 1667 2268 vul-

255 2361 558 2403 &criminations
581 2375 656 2414 que
679 2363 946 2402 s’adressaient
969 2365 1024 2403 les
1043 2365 1146 2404 deux
1165 2368 1305 2419 partis,
1331 2377 1369 2407 et
1387 2370 1569 2408 conclure
1591 2383 1668 2421 que

256 2421 422 2471 chacun,
445 2436 494 2461 en
516 2423 694 2461 affectant
714 2423 761 2461 de
786 2437 826 2462 se
850 2424 948 2462 tenir
966 2427 987 2462 a
1007 2425 1142 2464 cheval
1160 2441 1227 2466 sur
1244 2429 1281 2466 le
1302 2429 1426 2476 droit,
1450 2443 1500 2468 ne
1522 2430 1669 2467 voulait

255 2489 364 2520 autre
380 2481 494 2520 chose
509 2496 584 2533 que
602 2482 787 2521 brouiller
802 2484 837 2521 le
852 2484 934 2532 jeu,
953 2492 991 2520 et
1006 2492 1166 2523 trouver
1182 2499 1234 2524 un
1246 2486 1346 2534 joint
1361 2501 1460 2539 pour
1475 2488 1669 2526 denoncer

257 2538 295 2577 la
319 2542 513 2579 mauvaise
537 2542 588 2579 foi
609 2542 658 2580 de
686 2556 754 2580 son
778 2542 1010 2581 adven-saire.
1039 2545 1095 2582 Cf.
1116 2546 1277 2597 Lenglet
1294 2548 1530 2599 Dufresnoy,
1554 2551 1667 2588 Com-

257 2603 396 2646 mines,
421 2608 449 2637 t.
477 2603 555 2648 ΙΙΙ,
583 2615 624 2653 Ρ.
658 2605 729 2652 79;
758 2612 796 2641 et
817 2607 867 2642 D.
895 2603 1098 2653 Plancher‚
1120 2608 1221 2646 Hist.
1249 2609 1297 2644 de
1319 2612 1559 2660 Bourgogne,
1586 2621 1665 2659 pin,

258 2668 286 2697 t.
309 2660 374 2705 1v,
395 2672 436 2710 p.
457 2660 607 2699 cclxxx.

312 2721 329 2755 1
342 2747 352 2757 .
381 2720 625 2757 Discessionis
643 2720 737 2759 dans
756 2721 792 2760 le
810 2735 883 2761 ms.

312 2778 350 2815 2.
381 2778 509 2816 Pluten
525 2780 747 2829 faventibus.

315 2838 353 2875 3.
390 2839 682 2887 Quamplurimis
704 2839 797 2877 dans
820 2839 856 2877 le
878 2853 949 2877 ms.
