<?xml version="1.0" encoding="UTF-8"?>
<!DOCTYPE html PUBLIC "-//W3C//DTD XHTML 1.0 Transitional//EN"
    "http://www.w3.org/TR/xhtml1/DTD/xhtml1-transitional.dtd">
<html xmlns="http://www.w3.org/1999/xhtml" xml:lang="en" lang="en">
 <head>
  <title>
</title>
<meta http-equiv="Content-Type" content="text/html;charset=utf-8" />
  <meta name='ocr-system' content='tesseract 3.04.00' />
  <meta name='ocr-capabilities' content='ocr_page ocr_carea ocr_par ocr_line ocrx_word'/>
</head>
<body>
  <div class='ocr_page' id='page_1' title='image "./histoiredesrgn02basiuoft_0193.png"; bbox 0 0 2054 3470; ppageno 0'>
   <div class='ocr_carea' id='block_1_1' title="bbox 714 293 1644 332">
    <p class='ocr_par' dir='ltr' id='par_1_1' title="bbox 714 293 1644 332">
     <span class='ocr_line' id='line_1_1' title="bbox 714 293 1644 332; baseline 0.002 -2"><span class='ocrx_word' id='word_1_1' title='bbox 714 294 856 331; x_wconf 88' lang='lat' dir='ltr'>LIBER</span> <span class='ocrx_word' id='word_1_2' title='bbox 895 293 1163 331; x_wconf 86' lang='lat' dir='ltr'>SECUNDUS.</span> <span class='ocrx_word' id='word_1_3' title='bbox 1568 297 1585 332; x_wconf 78' lang='lat'>1</span> <span class='ocrx_word' id='word_1_4' title='bbox 1595 296 1644 332; x_wconf 85' lang='lat'><strong>09</strong></span> 
     </span>
    </p>
   </div>
   <div class='ocr_carea' id='block_1_2' title="bbox 234 380 1666 1832">
    <p class='ocr_par' dir='ltr' id='par_1_2' title="bbox 234 380 1666 1133">
     <span class='ocr_line' id='line_1_2' title="bbox 241 380 1645 447; baseline 0 -18"><span class='ocrx_word' id='word_1_5' title='bbox 241 399 348 429; x_wconf 93' lang='lat' dir='ltr'><strong>rum</strong></span> <span class='ocrx_word' id='word_1_6' title='bbox 378 381 704 447; x_wconf 84' lang='lat' dir='ltr'>pertinaciam,</span> <span class='ocrx_word' id='word_1_7' title='bbox 731 380 836 444; x_wconf 78' lang='lat' dir='ltr'><strong>qui,</strong></span> <span class='ocrx_word' id='word_1_8' title='bbox 871 381 1116 428; x_wconf 85' lang='lat' dir='ltr'><strong>temerarie</strong></span> <span class='ocrx_word' id='word_1_9' title='bbox 1148 381 1288 427; x_wconf 89' lang='lat' dir='ltr'><strong>nimis</strong></span> <span class='ocrx_word' id='word_1_10' title='bbox 1316 383 1645 445; x_wconf 86' lang='lat' dir='ltr'><strong>proximorum</strong></span> 
     </span>
     <span class='ocr_line' id='line_1_3' title="bbox 239 456 1646 523; baseline -0.001 -18"><span class='ocrx_word' id='word_1_11' title='bbox 239 460 423 523; x_wconf 87' lang='lat' dir='ltr'><strong>ignotas</strong></span> <span class='ocrx_word' id='word_1_12' title='bbox 449 458 515 504; x_wconf 91' lang='lat' dir='ltr'><strong>eis</strong></span> <span class='ocrx_word' id='word_1_13' title='bbox 551 457 862 504; x_wconf 89' lang='lat' dir='ltr'><strong>conscientias</strong></span> <span class='ocrx_word' id='word_1_14' title='bbox 891 456 1186 519; x_wconf 86' lang='lat' dir='ltr'><strong>judicantes,</strong></span> <span class='ocrx_word' id='word_1_15' title='bbox 1221 457 1399 522; x_wconf 82' lang='lat' dir='ltr'>absque</span> <span class='ocrx_word' id='word_1_16' title='bbox 1427 458 1526 505; x_wconf 92' lang='lat' dir='ltr'><strong>ullo</strong></span> <span class='ocrx_word' id='word_1_17' title='bbox 1556 461 1646 505; x_wconf 86' lang='lat' dir='ltr'><strong>de-</strong></span> 
     </span>
     <span class='ocr_line' id='line_1_4' title="bbox 239 534 1644 599; baseline 0 -17"><span class='ocrx_word' id='word_1_18' title='bbox 239 535 363 584; x_wconf 88' lang='lat' dir='ltr'><strong>lectu</strong></span> <span class='ocrx_word' id='word_1_19' title='bbox 394 536 606 582; x_wconf 89' lang='lat' dir='ltr'><strong>omnium</strong></span> <span class='ocrx_word' id='word_1_20' title='bbox 639 534 911 599; x_wconf 79' lang='lat' dir='ltr'><strong>principum</strong></span> <span class='ocrx_word' id='word_1_21' title='bbox 943 534 1066 581; x_wconf 89' lang='lat' dir='ltr'><strong>illius</strong></span> <span class='ocrx_word' id='word_1_22' title='bbox 1097 535 1333 582; x_wconf 85' lang='lat' dir='ltr'><strong>societatis</strong></span> <span class='ocrx_word' id='word_1_23' title='bbox 1368 535 1486 582; x_wconf 87' lang='lat' dir='ltr'><strong>facta</strong></span> <span class='ocrx_word' id='word_1_24' title='bbox 1526 553 1644 583; x_wconf 91' lang='lat' dir='ltr'><strong>con-</strong></span> 
     </span>
     <span class='ocr_line' id='line_1_5' title="bbox 239 611 1644 676; baseline 0 -16"><span class='ocrx_word' id='word_1_25' title='bbox 239 613 466 660; x_wconf 88' lang='lat' dir='ltr'><strong>demnant</strong></span> <span class='ocrx_word' id='word_1_26' title='bbox 486 629 496 657; x_wconf 93' lang='lat'>:</span> <span class='ocrx_word' id='word_1_27' title='bbox 523 627 727 659; x_wconf 79' lang='lat' dir='ltr'><strong>asserere</strong></span> <span class='ocrx_word' id='word_1_28' title='bbox 745 611 990 668; x_wconf 83' lang='lat' dir='ltr'><strong>audenteS‚</strong></span> <span class='ocrx_word' id='word_1_29' title='bbox 1009 612 1083 658; x_wconf 87' lang='lat' dir='ltr'><strong>vel</strong></span> <span class='ocrx_word' id='word_1_30' title='bbox 1100 612 1230 676; x_wconf 89' lang='lat' dir='ltr'><strong>quod</strong></span> <span class='ocrx_word' id='word_1_31' title='bbox 1249 613 1425 659; x_wconf 92' lang='lat' dir='ltr'><strong>nullius</strong></span> <span class='ocrx_word' id='word_1_32' title='bbox 1443 613 1644 660; x_wconf 91' lang='lat' dir='ltr'><strong>intentio</strong></span> 
     </span>
     <span class='ocr_line' id='line_1_6' title="bbox 239 688 1643 753; baseline -0.001 -15"><span class='ocrx_word' id='word_1_33' title='bbox 239 699 366 738; x_wconf 81' lang='lat' dir='ltr'><strong>recta</strong></span> <span class='ocrx_word' id='word_1_34' title='bbox 392 689 531 736; x_wconf 85' lang='lat' dir='ltr'><strong>suerit</strong></span> <span class='ocrx_word' id='word_1_35' title='bbox 559 698 605 735; x_wconf 91' lang='lat' dir='ltr'><strong>et</strong></span> <span class='ocrx_word' id='word_1_36' title='bbox 627 688 769 751; x_wconf 87' lang='lat' dir='ltr'><strong>justa,</strong></span> <span class='ocrx_word' id='word_1_37' title='bbox 807 690 879 735; x_wconf 89' lang='lat' dir='ltr'><strong>vel</strong></span> <span class='ocrx_word' id='word_1_38' title='bbox 912 690 1052 736; x_wconf 89' lang='lat' dir='ltr'><strong>etiam</strong></span> <span class='ocrx_word' id='word_1_39' title='bbox 1072 727 1083 745; x_wconf 97' lang='lat'><strong>‚</strong></span> <span class='ocrx_word' id='word_1_40' title='bbox 1109 700 1210 736; x_wconf 87' lang='lat' dir='ltr'><strong>esto</strong></span> <span class='ocrx_word' id='word_1_41' title='bbox 1245 689 1378 753; x_wconf 91' lang='lat' dir='ltr'><strong>quod</strong></span> <span class='ocrx_word' id='word_1_42' title='bbox 1411 689 1542 737; x_wconf 90' lang='lat' dir='ltr'><strong>bona</strong></span> <span class='ocrx_word' id='word_1_43' title='bbox 1572 691 1643 738; x_wconf 91' lang='lat' dir='ltr'><strong>vel</strong></span> 
     </span>
     <span class='ocr_line' id='line_1_7' title="bbox 238 764 1644 832; baseline 0 -18"><span class='ocrx_word' id='word_1_44' title='bbox 238 764 524 814; x_wconf 49' lang='lat' dir='ltr'><strong>recta&#39;initio</strong></span> <span class='ocrx_word' id='word_1_45' title='bbox 555 765 730 826; x_wconf 88' lang='lat' dir='ltr'><strong>fuerat,</strong></span> <span class='ocrx_word' id='word_1_46' title='bbox 757 765 822 812; x_wconf 94' lang='lat' dir='ltr'><strong>ob</strong></span> <span class='ocrx_word' id='word_1_47' title='bbox 846 765 939 812; x_wconf 92' lang='lat' dir='ltr'><strong>hoc</strong></span> <span class='ocrx_word' id='word_1_48' title='bbox 962 776 1123 813; x_wconf 92' lang='lat' dir='ltr'><strong>tamen</strong></span> <span class='ocrx_word' id='word_1_49' title='bbox 1145 767 1303 831; x_wconf 88' lang='lat' dir='ltr'><strong>ipsum</strong></span> <span class='ocrx_word' id='word_1_50' title='bbox 1330 766 1462 830; x_wconf 89' lang='lat' dir='ltr'><strong>quod</strong></span> <span class='ocrx_word' id='word_1_51' title='bbox 1491 778 1644 832; x_wconf 87' lang='lat' dir='ltr'><strong>coepta</strong></span> 
     </span>
     <span class='ocr_line' id='line_1_8' title="bbox 237 842 1645 909; baseline 0 -19"><span class='ocrx_word' id='word_1_52' title='bbox 237 842 366 890; x_wconf 90' lang='lat' dir='ltr'><strong>bona</strong></span> <span class='ocrx_word' id='word_1_53' title='bbox 386 842 652 890; x_wconf 85' lang='lat' dir='ltr'><strong>intentione</strong></span> <span class='ocrx_word' id='word_1_54' title='bbox 674 842 735 889; x_wconf 91' lang='lat' dir='ltr'><strong>ad</strong></span> <span class='ocrx_word' id='word_1_55' title='bbox 759 842 997 890; x_wconf 83' lang='lat' dir='ltr'><strong>salubrem</strong></span> <span class='ocrx_word' id='word_1_56' title='bbox 1020 842 1288 908; x_wconf 86' lang='lat' dir='ltr'><strong>reipublicae</strong></span> <span class='ocrx_word' id='word_1_57' title='bbox 1311 843 1515 890; x_wconf 84' lang='lat' dir='ltr'><strong>fructum</strong></span> <span class='ocrx_word' id='word_1_58' title='bbox 1542 861 1645 909; x_wconf 89' lang='lat' dir='ltr'><strong>per-</strong></span> 
     </span>
     <span class='ocr_line' id='line_1_9' title="bbox 236 919 1643 984; baseline 0 -17"><span class='ocrx_word' id='word_1_59' title='bbox 236 919 409 967; x_wconf 88' lang='lat' dir='ltr'><strong>ducere</strong></span> <span class='ocrx_word' id='word_1_60' title='bbox 425 955 437 979; x_wconf 91' lang='lat'><strong>,</strong></span> <span class='ocrx_word' id='word_1_61' title='bbox 470 919 817 966; x_wconf 89' lang='lat' dir='ltr'><strong>nonnullorum</strong></span> <span class='ocrx_word' id='word_1_62' title='bbox 843 919 1060 967; x_wconf 86' lang='lat' dir='ltr'><strong>obstante</strong></span> <span class='ocrx_word' id='word_1_63' title='bbox 1083 919 1308 984; x_wconf 81' lang='lat' dir='ltr'><strong>perfidia,</strong></span> <span class='ocrx_word' id='word_1_64' title='bbox 1346 921 1541 968; x_wconf 88' lang='lat' dir='ltr'><strong>minime</strong></span> <span class='ocrx_word' id='word_1_65' title='bbox 1563 937 1643 967; x_wconf 88' lang='lat' dir='ltr'><strong>va-</strong></span> 
     </span>
     <span class='ocr_line' id='line_1_10' title="bbox 234 995 1666 1062; baseline 0.001 -18"><span class='ocrx_word' id='word_1_66' title='bbox 234 995 447 1051; x_wconf 87' lang='lat' dir='ltr'><strong>luerunt,</strong></span> <span class='ocrx_word' id='word_1_67' title='bbox 484 1013 650 1044; x_wconf 88' lang='lat' dir='ltr'><strong>omnes</strong></span> <span class='ocrx_word' id='word_1_68' title='bbox 674 1013 840 1044; x_wconf 88' lang='lat' dir='ltr'><strong>eorum</strong></span> <span class='ocrx_word' id='word_1_69' title='bbox 871 1006 1070 1044; x_wconf 88' lang='lat' dir='ltr'><strong>conatus</strong></span> <span class='ocrx_word' id='word_1_70' title='bbox 1091 998 1254 1062; x_wconf 90' lang='lat' dir='ltr'><strong>injusti</strong></span> <span class='ocrx_word' id='word_1_71' title='bbox 1278 1008 1324 1044; x_wconf 91' lang='lat' dir='ltr'><strong>et</strong></span> <span class='ocrx_word' id='word_1_72' title='bbox 1349 996 1666 1045; x_wconf 87' lang='lat' dir='ltr'><strong>damnabiles</strong></span> 
     </span>
     <span class='ocr_line' id='line_1_11' title="bbox 234 1075 1644 1133; baseline 0.001 -11"><span class='ocrx_word' id='word_1_73' title='bbox 234 1075 510 1122; x_wconf 81' lang='lat' dir='ltr'><strong>exstiterint.</strong></span> <span class='ocrx_word' id='word_1_74' title='bbox 535 1077 630 1122; x_wconf 92' lang='lat' dir='ltr'><strong>Nos</strong></span> <span class='ocrx_word' id='word_1_75' title='bbox 651 1076 797 1133; x_wconf 88' lang='lat' dir='ltr'><strong>enim,</strong></span> <span class='ocrx_word' id='word_1_76' title='bbox 823 1075 941 1122; x_wconf 91' lang='lat' dir='ltr'><strong>sicut</strong></span> <span class='ocrx_word' id='word_1_77' title='bbox 952 1076 1013 1122; x_wconf 88' lang='lat' dir='ltr'><strong>ad</strong></span> <span class='ocrx_word' id='word_1_78' title='bbox 1025 1085 1207 1123; x_wconf 88' lang='lat' dir='ltr'><strong>certum</strong></span> <span class='ocrx_word' id='word_1_79' title='bbox 1225 1075 1284 1122; x_wconf 85' lang='lat' dir='ltr'><strong>de</strong></span> <span class='ocrx_word' id='word_1_80' title='bbox 1304 1092 1472 1122; x_wconf 89' lang='lat' dir='ltr'><strong>eorum</strong></span> <span class='ocrx_word' id='word_1_81' title='bbox 1492 1077 1644 1123; x_wconf 87' lang='lat' dir='ltr'><strong>inten-</strong></span> 
     </span>
    </p>

    <p class='ocr_par' dir='ltr' id='par_1_3' title="bbox 234 1152 1639 1218">
     <span class='ocr_line' id='line_1_12' title="bbox 234 1152 1639 1218; baseline 0 -19"><span class='ocrx_word' id='word_1_82' title='bbox 234 1152 444 1200; x_wconf 89' lang='lat' dir='ltr'><strong>tionibus</strong></span> <span class='ocrx_word' id='word_1_83' title='bbox 474 1152 687 1216; x_wconf 89' lang='lat' dir='ltr'><strong>judicare</strong></span> <span class='ocrx_word' id='word_1_84' title='bbox 720 1170 820 1199; x_wconf 92' lang='lat' dir='ltr'><strong>non</strong></span> <span class='ocrx_word' id='word_1_85' title='bbox 851 1169 1106 1218; x_wconf 89' lang='lat' dir='ltr'><strong>possumus</strong></span> <span class='ocrx_word' id='word_1_86' title='bbox 1131 1152 1221 1216; x_wconf 89' lang='lat' dir='ltr'><strong>(de</strong></span> <span class='ocrx_word' id='word_1_87' title='bbox 1252 1152 1425 1217; x_wconf 91' lang='lat' dir='ltr'><strong>quibus</strong></span> <span class='ocrx_word' id='word_1_88' title='bbox 1456 1163 1639 1211; x_wconf 88' lang='lat' dir='ltr'><strong>tamen,</strong></span> 
     </span>
    </p>

    <p class='ocr_par' dir='ltr' id='par_1_4' title="bbox 234 1229 1645 1294">
     <span class='ocr_line' id='line_1_13' title="bbox 234 1229 1645 1294; baseline 0.001 -18"><span class='ocrx_word' id='word_1_89' title='bbox 234 1229 374 1277; x_wconf 88' lang='lat' dir='ltr'><strong>nobis</strong></span> <span class='ocrx_word' id='word_1_90' title='bbox 395 1246 493 1276; x_wconf 91' lang='lat' dir='ltr'><strong>non</strong></span> <span class='ocrx_word' id='word_1_91' title='bbox 518 1230 627 1276; x_wconf 86' lang='lat' dir='ltr'><strong>satis</strong></span> <span class='ocrx_word' id='word_1_92' title='bbox 651 1230 803 1289; x_wconf 89' lang='lat' dir='ltr'><strong>notis,</strong></span> <span class='ocrx_word' id='word_1_93' title='bbox 841 1230 888 1275; x_wconf 92' lang='lat' dir='ltr'><strong>in</strong></span> <span class='ocrx_word' id='word_1_94' title='bbox 917 1229 1165 1276; x_wconf 88' lang='lat' dir='ltr'><strong>meliorem</strong></span> <span class='ocrx_word' id='word_1_95' title='bbox 1192 1239 1373 1294; x_wconf 86' lang='lat' dir='ltr'><strong>partem</strong></span> <span class='ocrx_word' id='word_1_96' title='bbox 1396 1230 1645 1293; x_wconf 85' lang='lat' dir='ltr'><strong>benignius</strong></span> 
     </span>
    </p>

    <p class='ocr_par' dir='ltr' id='par_1_5' title="bbox 236 1306 1642 1371">
     <span class='ocr_line' id='line_1_14' title="bbox 236 1306 1642 1371; baseline 0 -18"><span class='ocrx_word' id='word_1_97' title='bbox 236 1306 617 1369; x_wconf 78' lang='lat' dir='ltr'><strong>praesumimus),</strong></span> <span class='ocrx_word' id='word_1_98' title='bbox 653 1307 716 1352; x_wconf 87' lang='lat' dir='ltr'><strong>ita</strong></span> <span class='ocrx_word' id='word_1_99' title='bbox 742 1323 829 1352; x_wconf 91' lang='lat' dir='ltr'><strong>nec</strong></span> <span class='ocrx_word' id='word_1_100' title='bbox 860 1323 1029 1354; x_wconf 90' lang='lat' dir='ltr'><strong>eorum</strong></span> <span class='ocrx_word' id='word_1_101' title='bbox 1059 1307 1208 1365; x_wconf 88' lang='lat' dir='ltr'><strong>facta,</strong></span> <span class='ocrx_word' id='word_1_102' title='bbox 1243 1308 1487 1371; x_wconf 82' lang='lat' dir='ltr'><strong>supposita</strong></span> <span class='ocrx_word' id='word_1_103' title='bbox 1516 1317 1642 1354; x_wconf 86' lang='lat' dir='ltr'><strong>certa</strong></span> 
     </span>
    </p>

    <p class='ocr_par' dir='ltr' id='par_1_6' title="bbox 236 1383 1642 1448">
     <span class='ocr_line' id='line_1_15' title="bbox 236 1383 1642 1448; baseline 0.001 -18"><span class='ocrx_word' id='word_1_104' title='bbox 236 1392 283 1430; x_wconf 88' lang='lat' dir='ltr'><strong>et</strong></span> <span class='ocrx_word' id='word_1_105' title='bbox 306 1393 467 1431; x_wconf 87' lang='lat' dir='ltr'><strong>sancta</strong></span> <span class='ocrx_word' id='word_1_106' title='bbox 486 1384 772 1441; x_wconf 88' lang='lat' dir='ltr'><strong>intentione,</strong></span> <span class='ocrx_word' id='word_1_107' title='bbox 797 1383 926 1431; x_wconf 89' lang='lat' dir='ltr'><strong>bona</strong></span> <span class='ocrx_word' id='word_1_108' title='bbox 946 1394 1087 1448; x_wconf 89' lang='lat' dir='ltr'><strong>atque</strong></span> <span class='ocrx_word' id='word_1_109' title='bbox 1109 1384 1388 1445; x_wconf 85' lang='lat' dir='ltr'><strong>laudabilia,</strong></span> <span class='ocrx_word' id='word_1_110' title='bbox 1415 1385 1642 1432; x_wconf 89' lang='lat' dir='ltr'><strong>condem-</strong></span> 
     </span>
    </p>

    <p class='ocr_par' dir='ltr' id='par_1_7' title="bbox 235 1462 1638 1526">
     <span class='ocr_line' id='line_1_16' title="bbox 235 1462 1638 1526; baseline 0.002 -19"><span class='ocrx_word' id='word_1_111' title='bbox 235 1477 348 1508; x_wconf 89' lang='lat' dir='ltr'><strong>nare</strong></span> <span class='ocrx_word' id='word_1_112' title='bbox 374 1478 625 1526; x_wconf 90' lang='lat' dir='ltr'><strong>possumus</strong></span> <span class='ocrx_word' id='word_1_113' title='bbox 641 1499 653 1522; x_wconf 91' lang='lat'><strong>,</strong></span> <span class='ocrx_word' id='word_1_114' title='bbox 690 1478 746 1508; x_wconf 85' lang='lat' dir='ltr'><strong>ex</strong></span> <span class='ocrx_word' id='word_1_115' title='bbox 781 1479 839 1508; x_wconf 91' lang='lat' dir='ltr'><strong>eo</strong></span> <span class='ocrx_word' id='word_1_116' title='bbox 875 1462 1031 1508; x_wconf 91' lang='lat' dir='ltr'><strong>solum</strong></span> <span class='ocrx_word' id='word_1_117' title='bbox 1053 1462 1186 1526; x_wconf 92' lang='lat' dir='ltr'><strong>quod</strong></span> <span class='ocrx_word' id='word_1_118' title='bbox 1211 1473 1399 1509; x_wconf 87' lang='lat' dir='ltr'><strong>tantum</strong></span> <span class='ocrx_word' id='word_1_119' title='bbox 1423 1463 1607 1510; x_wconf 87' lang='lat' dir='ltr'><strong>bonum</strong></span> <span class='ocrx_word' id='word_1_120' title='bbox 1625 1501 1638 1524; x_wconf 91' lang='lat'><strong>,</strong></span> 
     </span>
    </p>

    <p class='ocr_par' dir='ltr' id='par_1_8' title="bbox 235 1537 1642 1603">
     <span class='ocr_line' id='line_1_17' title="bbox 235 1537 1642 1603; baseline 0.002 -20"><span class='ocrx_word' id='word_1_121' title='bbox 235 1547 467 1600; x_wconf 88' lang='lat' dir='ltr'><strong>quantum</strong></span> <span class='ocrx_word' id='word_1_122' title='bbox 490 1537 799 1585; x_wconf 88' lang='lat' dir='ltr'><strong>intendebant</strong></span> <span class='ocrx_word' id='word_1_123' title='bbox 827 1547 873 1584; x_wconf 91' lang='lat' dir='ltr'><strong>et</strong></span> <span class='ocrx_word' id='word_1_124' title='bbox 904 1538 1137 1595; x_wconf 89' lang='lat' dir='ltr'><strong>zelabant,</strong></span> <span class='ocrx_word' id='word_1_125' title='bbox 1167 1538 1394 1602; x_wconf 88' lang='lat' dir='ltr'><strong>perficere</strong></span> <span class='ocrx_word' id='word_1_126' title='bbox 1417 1540 1642 1603; x_wconf 91' lang='lat' dir='ltr'><strong>nequive-</strong></span> 
     </span>
    </p>

    <p class='ocr_par' dir='ltr' id='par_1_9' title="bbox 236 1613 1644 1678">
     <span class='ocr_line' id='line_1_18' title="bbox 236 1613 1644 1678; baseline 0.002 -18"><span class='ocrx_word' id='word_1_127' title='bbox 236 1623 364 1660; x_wconf 87' lang='lat' dir='ltr'><strong>runt.</strong></span> <span class='ocrx_word' id='word_1_128' title='bbox 391 1613 628 1678; x_wconf 87' lang='lat' dir='ltr'><strong>Alioquin,</strong></span> <span class='ocrx_word' id='word_1_129' title='bbox 655 1624 707 1661; x_wconf 91' lang='lat' dir='ltr'><strong>ut</strong></span> <span class='ocrx_word' id='word_1_130' title='bbox 724 1614 943 1674; x_wconf 87' lang='lat' dir='ltr'><strong>diximus,</strong></span> <span class='ocrx_word' id='word_1_131' title='bbox 965 1616 1208 1661; x_wconf 89' lang='lat' dir='ltr'><strong>nationem</strong></span> <span class='ocrx_word' id='word_1_132' title='bbox 1230 1625 1276 1662; x_wconf 89' lang='lat' dir='ltr'><strong>et</strong></span> <span class='ocrx_word' id='word_1_133' title='bbox 1298 1614 1484 1663; x_wconf 83' lang='lat' dir='ltr'><strong>infinita</strong></span> <span class='ocrx_word' id='word_1_134' title='bbox 1502 1616 1644 1663; x_wconf 88' lang='lat' dir='ltr'><strong>bene—</strong></span> 
     </span>
    </p>

    <p class='ocr_par' dir='ltr' id='par_1_10' title="bbox 235 1689 1641 1757">
     <span class='ocr_line' id='line_1_19' title="bbox 235 1689 1641 1757; baseline 0.003 -21"><span class='ocrx_word' id='word_1_135' title='bbox 235 1689 356 1737; x_wconf 86' lang='lat' dir='ltr'><strong>facta</strong></span> <span class='ocrx_word' id='word_1_136' title='bbox 377 1690 582 1737; x_wconf 84' lang='lat' dir='ltr'><strong>filiorum</strong></span> <span class='ocrx_word' id='word_1_137' title='bbox 605 1691 692 1738; x_wconf 91' lang='lat' dir='ltr'><strong>Dei</strong></span> <span class='ocrx_word' id='word_1_138' title='bbox 714 1691 877 1755; x_wconf 90' lang='lat' dir='ltr'><strong>(quod</strong></span> <span class='ocrx_word' id='word_1_139' title='bbox 897 1690 1037 1754; x_wconf 86' lang='lat' dir='ltr'><strong>absit)</strong></span> <span class='ocrx_word' id='word_1_140' title='bbox 1062 1692 1319 1757; x_wconf 86' lang='lat' dir='ltr'><strong>reprobare</strong></span> <span class='ocrx_word' id='word_1_141' title='bbox 1341 1703 1388 1739; x_wconf 89' lang='lat' dir='ltr'><strong>et</strong></span> <span class='ocrx_word' id='word_1_142' title='bbox 1411 1694 1641 1740; x_wconf 90' lang='lat' dir='ltr'><strong>condem-</strong></span> 
     </span>
    </p>

    <p class='ocr_par' dir='ltr' id='par_1_11' title="bbox 234 1783 672 1832">
     <span class='ocr_line' id='line_1_20' title="bbox 234 1783 672 1832; baseline -0.002 -18"><span class='ocrx_word' id='word_1_143' title='bbox 234 1783 349 1815; x_wconf 88' lang='lat' dir='ltr'><strong>nare</strong></span> <span class='ocrx_word' id='word_1_144' title='bbox 378 1784 672 1832; x_wconf 85' lang='lat' dir='ltr'><strong>cogeremur.</strong></span> 
     </span>
    </p>
   </div>
   <div class='ocr_carea' id='block_1_3' title="bbox 711 2001 1172 2045">
    <p class='ocr_par' dir='ltr' id='par_1_12' title="bbox 711 2001 1172 2045">
     <span class='ocr_line' id='line_1_21' title="bbox 711 2001 1172 2045; baseline 0.002 -1"><span class='ocrx_word' id='word_1_145' title='bbox 711 2001 1049 2045; x_wconf 84' lang='lat' dir='ltr'><strong>CAPlTULUM</strong></span> <span class='ocrx_word' id='word_1_146' title='bbox 1094 2002 1172 2045; x_wconf 86' lang='grc' dir='ltr'><strong>ΙΙΙ.</strong></span> 
     </span>
    </p>
   </div>
   <div class='ocr_carea' id='block_1_4' title="bbox 304 2137 1570 2237">
    <p class='ocr_par' dir='ltr' id='par_1_13' title="bbox 304 2137 1570 2237">
     <span class='ocr_line' id='line_1_22' title="bbox 304 2137 1570 2186; baseline 0.002 -14"><span class='ocrx_word' id='word_1_147' title='bbox 304 2137 565 2184; x_wconf 76' lang='lat' dir='ltr'><strong>Argumentatio</strong></span> <span class='ocrx_word' id='word_1_148' title='bbox 580 2149 702 2171; x_wconf 85' lang='lat' dir='ltr'><strong>eorum</strong></span> <span class='ocrx_word' id='word_1_149' title='bbox 715 2137 776 2183; x_wconf 87' lang='lat' dir='ltr'><strong>qui</strong></span> <span class='ocrx_word' id='word_1_150' title='bbox 793 2137 993 2184; x_wconf 87' lang='lat' dir='ltr'><strong>principum</strong></span> <span class='ocrx_word' id='word_1_151' title='bbox 1009 2137 1247 2173; x_wconf 84' lang='lat' dir='ltr'><strong>universaliter</strong></span> <span class='ocrx_word' id='word_1_152' title='bbox 1259 2148 1351 2185; x_wconf 83' lang='lat' dir='ltr'><strong>gesta</strong></span> <span class='ocrx_word' id='word_1_153' title='bbox 1367 2140 1570 2186; x_wconf 85' lang='lat' dir='ltr'><strong>improbant</strong></span> 
     </span>
     <span class='ocr_line' id='line_1_23' title="bbox 556 2189 1306 2237; baseline 0.003 -13"><span class='ocrx_word' id='word_1_154' title='bbox 556 2199 590 2225; x_wconf 89' lang='lat' dir='ltr'><strong>et</strong></span> <span class='ocrx_word' id='word_1_155' title='bbox 604 2189 793 2234; x_wconf 88' lang='lat' dir='ltr'><strong>damnant,</strong></span> <span class='ocrx_word' id='word_1_156' title='bbox 815 2203 891 2237; x_wconf 86' lang='lat' dir='ltr'><strong>quae</strong></span> <span class='ocrx_word' id='word_1_157' title='bbox 912 2191 1107 2226; x_wconf 82' lang='lat' dir='ltr'><strong>rationibus</strong></span> <span class='ocrx_word' id='word_1_158' title='bbox 1124 2192 1306 2227; x_wconf 78' lang='lat' dir='ltr'><strong>refellitur.</strong></span> 
     </span>
    </p>
   </div>
   <div class='ocr_carea' id='block_1_5' title="bbox 235 2309 1638 2841">
    <p class='ocr_par' dir='ltr' id='par_1_14' title="bbox 235 2309 1638 2841">
     <span class='ocr_line' id='line_1_24' title="bbox 235 2309 1638 2376; baseline 0.003 -20"><span class='ocrx_word' id='word_1_159' title='bbox 235 2336 239 2340; x_wconf 97' lang='lat'>-</span> <span class='ocrx_word' id='word_1_160' title='bbox 297 2309 388 2357; x_wconf 85' lang='lat' dir='ltr'><strong>Sed</strong></span> <span class='ocrx_word' id='word_1_161' title='bbox 407 2309 610 2370; x_wconf 89' lang='lat' dir='ltr'><strong>subditi,</strong></span> <span class='ocrx_word' id='word_1_162' title='bbox 646 2311 890 2374; x_wconf 84' lang='lat' dir='ltr'><strong>inquiunt,</strong></span> <span class='ocrx_word' id='word_1_163' title='bbox 929 2321 976 2357; x_wconf 90' lang='lat' dir='ltr'><strong>et</strong></span> <span class='ocrx_word' id='word_1_164' title='bbox 999 2311 1182 2358; x_wconf 86' lang='lat' dir='ltr'><strong>vassalli</strong></span> <span class='ocrx_word' id='word_1_165' title='bbox 1207 2322 1341 2359; x_wconf 89' lang='lat' dir='ltr'><strong>erant</strong></span> <span class='ocrx_word' id='word_1_166' title='bbox 1360 2312 1638 2376; x_wconf 89' lang='lat' dir='ltr'><strong>hujusmodi</strong></span> 
     </span>
     <span class='ocr_line' id='line_1_25' title="bbox 235 2377 1638 2455; baseline 0.004 -21"><span class='ocrx_word' id='word_1_167' title='bbox 235 2387 490 2453; x_wconf 89' lang='lat' dir='ltr'><strong>principes,</strong></span> <span class='ocrx_word' id='word_1_168' title='bbox 526 2398 574 2435; x_wconf 91' lang='lat' dir='ltr'><strong>et</strong></span> <span class='ocrx_word' id='word_1_169' title='bbox 594 2389 747 2435; x_wconf 85' lang='lat' dir='ltr'><strong>caeteri</strong></span> <span class='ocrx_word' id='word_1_170' title='bbox 770 2389 850 2452; x_wconf 88' lang='lat' dir='ltr'><strong>qui</strong></span> <span class='ocrx_word' id='word_1_171' title='bbox 874 2389 940 2435; x_wconf 93' lang='lat' dir='ltr'><strong>eis</strong></span> <span class='ocrx_word' id='word_1_172' title='bbox 971 2377 1276 2437; x_wconf 73' lang='lat' dir='ltr'><strong>adhaerebant</strong></span> <span class='ocrx_word' id='word_1_173' title='bbox 1297 2409 1308 2448; x_wconf 89' lang='grc'><strong>;</strong></span> <span class='ocrx_word' id='word_1_174' title='bbox 1351 2392 1527 2455; x_wconf 91' lang='lat' dir='ltr'><strong>quibus</strong></span> <span class='ocrx_word' id='word_1_175' title='bbox 1548 2394 1638 2439; x_wconf 90' lang='lat' dir='ltr'><strong>mi-</strong></span> 
     </span>
     <span class='ocr_line' id='line_1_26' title="bbox 236 2462 1632 2528; baseline 0.005 -19"><span class='ocrx_word' id='word_1_176' title='bbox 236 2462 361 2510; x_wconf 89' lang='lat' dir='ltr'><strong>nime</strong></span> <span class='ocrx_word' id='word_1_177' title='bbox 379 2464 548 2511; x_wconf 85' lang='lat' dir='ltr'><strong>licebat</strong></span> <span class='ocrx_word' id='word_1_178' title='bbox 566 2465 615 2511; x_wconf 92' lang='lat' dir='ltr'><strong>in</strong></span> <span class='ocrx_word' id='word_1_179' title='bbox 638 2482 798 2528; x_wconf 84' lang='lat' dir='ltr'><strong>regem</strong></span> <span class='ocrx_word' id='word_1_180' title='bbox 819 2482 958 2512; x_wconf 89' lang='lat' dir='ltr'><strong>suum</strong></span> <span class='ocrx_word' id='word_1_181' title='bbox 978 2476 1022 2512; x_wconf 89' lang='lat' dir='ltr'><strong>et</strong></span> <span class='ocrx_word' id='word_1_182' title='bbox 1040 2466 1292 2514; x_wconf 87' lang='lat' dir='ltr'><strong>dominum</strong></span> <span class='ocrx_word' id='word_1_183' title='bbox 1312 2484 1444 2515; x_wconf 90' lang='lat' dir='ltr'><strong>arma</strong></span> <span class='ocrx_word' id='word_1_184' title='bbox 1461 2469 1632 2527; x_wconf 90' lang='lat' dir='ltr'><strong>levare,</strong></span> 
     </span>
     <span class='ocr_line' id='line_1_27' title="bbox 237 2541 1637 2607; baseline 0.005 -22"><span class='ocrx_word' id='word_1_185' title='bbox 237 2548 318 2585; x_wconf 90' lang='lat' dir='ltr'><strong>aut</strong></span> <span class='ocrx_word' id='word_1_186' title='bbox 341 2555 448 2586; x_wconf 89' lang='lat' dir='ltr'><strong>eum</strong></span> <span class='ocrx_word' id='word_1_187' title='bbox 474 2542 706 2605; x_wconf 85' lang='lat' dir='ltr'><strong>corrigere</strong></span> <span class='ocrx_word' id='word_1_188' title='bbox 728 2542 865 2589; x_wconf 88' lang='lat' dir='ltr'><strong>velle.</strong></span> <span class='ocrx_word' id='word_1_189' title='bbox 893 2541 1078 2599; x_wconf 86' lang='lat' dir='ltr'><strong>Quibus</strong></span> <span class='ocrx_word' id='word_1_190' title='bbox 1102 2544 1448 2607; x_wconf 89' lang='lat' dir='ltr'><strong>respondemus</strong></span> <span class='ocrx_word' id='word_1_191' title='bbox 1477 2546 1538 2592; x_wconf 88' lang='lat' dir='ltr'><strong>ab</strong></span> <span class='ocrx_word' id='word_1_192' title='bbox 1572 2547 1637 2592; x_wconf 88' lang='lat' dir='ltr'><strong>eis</strong></span> 
     </span>
     <span class='ocr_line' id='line_1_28' title="bbox 236 2617 1636 2684; baseline 0.006 -23"><span class='ocrx_word' id='word_1_193' title='bbox 236 2617 521 2679; x_wconf 86' lang='lat' dir='ltr'><strong>inquirentes</strong></span> <span class='ocrx_word' id='word_1_194' title='bbox 535 2655 547 2675; x_wconf 92' lang='lat'><strong>,</strong></span> <span class='ocrx_word' id='word_1_195' title='bbox 571 2635 629 2665; x_wconf 87' lang='lat' dir='ltr'><strong>an</strong></span> <span class='ocrx_word' id='word_1_196' title='bbox 649 2619 723 2666; x_wconf 88' lang='lat' dir='ltr'><strong>vel</strong></span> <span class='ocrx_word' id='word_1_197' title='bbox 744 2620 831 2683; x_wconf 91' lang='lat' dir='ltr'><strong>ipsi</strong></span> <span class='ocrx_word' id='word_1_198' title='bbox 859 2620 906 2665; x_wconf 90' lang='lat' dir='ltr'><strong>in</strong></span> <span class='ocrx_word' id='word_1_199' title='bbox 935 2620 1044 2666; x_wconf 88' lang='lat' dir='ltr'><strong>navi</strong></span> <span class='ocrx_word' id='word_1_200' title='bbox 1062 2619 1221 2684; x_wconf 89' lang='lat' dir='ltr'><strong>aliqua</strong></span> <span class='ocrx_word' id='word_1_201' title='bbox 1239 2633 1392 2669; x_wconf 88' lang='lat' dir='ltr'><strong>essent</strong></span> <span class='ocrx_word' id='word_1_202' title='bbox 1413 2623 1636 2669; x_wconf 87' lang='lat' dir='ltr'><strong>conducti</strong></span> 
     </span>
     <span class='ocr_line' id='line_1_29' title="bbox 235 2696 1635 2764; baseline 0.006 -26"><span class='ocrx_word' id='word_1_203' title='bbox 235 2707 264 2738; x_wconf 90' lang='lat' dir='ltr'><strong>a</strong></span> <span class='ocrx_word' id='word_1_204' title='bbox 285 2701 485 2756; x_wconf 87' lang='lat' dir='ltr'><strong>patrono</strong></span> <span class='ocrx_word' id='word_1_205' title='bbox 513 2704 557 2740; x_wconf 90' lang='lat' dir='ltr'><strong>et</strong></span> <span class='ocrx_word' id='word_1_206' title='bbox 587 2696 785 2742; x_wconf 89' lang='lat' dir='ltr'><strong>domino</strong></span> <span class='ocrx_word' id='word_1_207' title='bbox 809 2698 965 2751; x_wconf 89' lang='lat' dir='ltr'><strong>navis,</strong></span> <span class='ocrx_word' id='word_1_208' title='bbox 1004 2698 1078 2744; x_wconf 84' lang='lat' dir='ltr'><strong>vel</strong></span> <span class='ocrx_word' id='word_1_209' title='bbox 1111 2699 1252 2745; x_wconf 87' lang='lat' dir='ltr'><strong>etiam</strong></span> <span class='ocrx_word' id='word_1_210' title='bbox 1284 2700 1430 2764; x_wconf 90' lang='lat' dir='ltr'><strong>ipsius</strong></span> <span class='ocrx_word' id='word_1_211' title='bbox 1459 2717 1635 2746; x_wconf 88' lang='lat' dir='ltr'><strong>verna-</strong></span> 
     </span>
     <span class='ocr_line' id='line_1_30' title="bbox 235 2768 1637 2841; baseline 0.006 -27"><span class='ocrx_word' id='word_1_212' title='bbox 235 2768 329 2815; x_wconf 90' lang='lat' dir='ltr'><strong>culi</strong></span> <span class='ocrx_word' id='word_1_213' title='bbox 350 2785 431 2815; x_wconf 87' lang='lat' dir='ltr'><strong>seu</strong></span> <span class='ocrx_word' id='word_1_214' title='bbox 453 2780 580 2817; x_wconf 88' lang='lat' dir='ltr'><strong>certa</strong></span> <span class='ocrx_word' id='word_1_215' title='bbox 605 2773 839 2836; x_wconf 88' lang='lat' dir='ltr'><strong>mancipia</strong></span> <span class='ocrx_word' id='word_1_216' title='bbox 873 2784 1025 2820; x_wconf 87' lang='lat' dir='ltr'><strong>essent</strong></span> <span class='ocrx_word' id='word_1_217' title='bbox 1044 2811 1055 2833; x_wconf 86' lang='lat'><strong>,</strong></span> <span class='ocrx_word' id='word_1_218' title='bbox 1094 2776 1173 2838; x_wconf 91' lang='lat' dir='ltr'><strong>qui</strong></span> <span class='ocrx_word' id='word_1_219' title='bbox 1210 2775 1434 2823; x_wconf 89' lang='lat' dir='ltr'><strong>dominus</strong></span> <span class='ocrx_word' id='word_1_220' title='bbox 1458 2776 1530 2822; x_wconf 93' lang='lat' dir='ltr'><strong>vel</strong></span> <span class='ocrx_word' id='word_1_221' title='bbox 1558 2794 1637 2841; x_wconf 76' lang='lat' dir='ltr'><strong>pa-</strong></span> 
     </span>
    </p>
   </div>
  </div>
 </body>
</html>
