2054 3470
408 324 485 360 142
775 323 1118 362 HISTORIARUM
1143 323 1380 362 LUDOVICI
1407 325 1467 362 XI

408 428 459 460 se
481 410 725 458 habebant
747 420 1036 467 conventus,
1065 420 1161 457 tam
1188 427 1333 476 super
1365 410 1555 459 honore
1585 423 1633 460 et
1660 430 1824 480 recep-

407 491 552 537 tionis
585 489 735 537 modo
769 506 867 554 quo
886 506 1030 560 *suum
1053 489 1225 537 ducem
1249 506 1458 552 novum,
1487 490 1707 540 devotius
1725 509 1824 558 quo

408 567 561 616 facere
585 577 806 632 possent,
831 567 1151 625 honorarent,
1175 584 1321 632 quam
1343 569 1487 615 etiam
1516 586 1662 634 super
1683 571 1825 618 variis

406 645 651 712 capitulis,
697 655 872 693 statum
912 646 1075 710 patriae
1114 656 1162 693 et
1203 645 1265 693 ab
1302 647 1500 694 immani
1533 647 1823 696 tributorum

406 740 552 771 onere
589 723 787 788 aliquod
815 723 1031 770 levamen
1056 724 1378 789 multipliciter
1399 725 1819 775 concernentibus.

470 804 592 848 Cum
634 811 795 848 autem
830 801 1092 865 ingressum
1128 818 1270 848 suum
1307 803 1357 848 in
1397 803 1615 851 eamdem
1653 803 1824 853 urbem

405 878 507 943 ipse
533 895 690 925 novus
714 877 809 924 dux
837 888 886 925 et
909 877 1136 925 dominus
1154 916 1166 939 ,
1187 879 1322 943 juxta
1350 891 1520 928 votum
1549 892 1598 929 et
1624 891 1822 946 praesto·

405 955 632 1003 lationem
656 955 873 1002 omnium
905 956 1068 1020 patriae
1089 957 1381 1019 incolarum,
1423 958 1627 1006 libenter
1663 969 1823 1007 matu-

403 1042 573 1091 rasset,
603 1031 772 1079 callide
805 1043 966 1079 tamen
995 1043 1042 1079 et
1076 1043 1181 1080 astu
1203 1034 1332 1081 malo
1366 1051 1395 1082 a
1418 1035 1542 1083 duce
1571 1036 1821 1084 Britonum

403 1119 450 1158 et
471 1110 567 1157 suis
591 1111 692 1174 ejus
715 1110 1046 1158 retardabatur
1068 1120 1115 1157 et
1127 1112 1563 1176 procrastinabatur
1577 1130 1815 1162 accessus:

402 1187 541 1251 ipsis,
567 1181 845 1252 priusquam
869 1188 917 1233 in
947 1187 1167 1235 eamdem
1203 1189 1531 1252 ingrederetur
1550 1190 1744 1252 urbem,
1769 1193 1819 1239 in

402 1281 499 1329 qua
522 1266 752 1314 universae
779 1266 1038 1332 provinciae
1061 1266 1299 1314 nobilium
1320 1277 1367 1315 et
1381 1268 1684 1333 praelatorum
1701 1285 1820 1316 con-

401 1353 600 1391 ventum
635 1345 895 1392 maximum
932 1344 1187 1392 collectum
1210 1362 1312 1393 esse
1346 1346 1583 1406 sciebant,
1614 1357 1823 1395 conten-

401 1421 626 1470 dentibus
659 1433 712 1469 ut
752 1422 812 1469 de
859 1422 1088 1470 custodiis
1136 1424 1405 1485 civitatum,
1445 1424 1738 1490 oppidorum
1773 1434 1821 1472 et

400 1500 703 1547 castellorum
723 1539 735 1562 ‚
778 1501 1052 1564 caeterisque
1101 1501 1327 1548 omnibus
1366 1501 1514 1549 ferme
1559 1501 1727 1550 officiis
1773 1512 1821 1550 et

399 1577 668 1625 honoribus
690 1579 854 1643 patriae
870 1616 882 1640 ‚
904 1595 958 1625 ea
982 1578 1096 1644 ipsis
1118 1578 1373 1640 donando,
1401 1595 1596 1627 securos
1613 1596 1696 1628 eos
1718 1578 1823 1628 red-

399 1655 561 1717 deret,
606 1657 885 1721 priusquam
918 1656 982 1703 ad
1015 1673 1128 1703 eum
1161 1656 1330 1704 incolae
1361 1666 1498 1705 terrae
1531 1655 1822 1704 audientiam

397 1734 471 1781 vel
495 1750 740 1782 accessum
762 1734 972 1798 aliquem
993 1733 1173 1782 habere
1194 1734 1477 1800 potuissent.
1502 1737 1562 1780 Et
1582 1732 1816 1798 profecto,

399 1813 439 1859 si
486 1829 656 1860 eorum
693 1813 948 1860 ambitioni
985 1822 1032 1860 et
1065 1801 1404 1878 cupiditatibus
1439 1811 1599 1858 fuisset
1637 1809 1820 1858 satisfa-

397 1889 647 1950 ciendum,
674 1890 831 1937 decies
854 1889 1156 1936 tantumdem
1184 1888 1427 1936 honorum
1451 1897 1500 1935 et
1518 1886 1815 1949 officiorum,

397 1966 613 2031 ipsorum
646 1968 898 2014 Britonum
926 1975 974 2013 et
1005 1965 1209 2019 aliorum
1231 1965 1293 2012 ad
1312 1966 1469 2030 ipsum
1490 1980 1673 2011 novum
1692 1963 1821 2029 prin-

396 2044 555 2110 cipem
580 2061 638 2092 ex
661 2045 862 2092 diversis
892 2045 1027 2107 regni
1056 2044 1315 2108 provinciis
1337 2043 1709 2104 confluentium,
1736 2058 1819 2090 eo-

396 2138 507 2168 rum
525 2121 936 2185 assequendorum
955 2137 1098 2168 causa
1111 2159 1124 2183 ‚
1149 2120 1489 2186 cupiditatibus
1507 2119 1706 2167 minime
1730 2117 1820 2166 suf-

397 2199 631 2246 fecissent.
658 2201 835 2246 Tantus
857 2200 987 2246 enim
1012 2198 1074 2246 ad
1096 2199 1278 2246 curiam
1300 2198 1402 2262 ejus
1418 2215 1507 2263 pro
1523 2197 1654 2245 hisce
1675 2195 1820 2244 rebus

397 2275 543 2324 fiebat
562 2275 778 2341 undique
810 2293 1098 2335 concursus,
1133 2286 1187 2323 ut
1206 2276 1310 2337 vix,
1348 2275 1411 2323 ad
1436 2268 1818 2323 satisfaciendum

398 2371 554 2419 parvae
583 2354 962 2420 postulationum
991 2354 1229 2419 portioni,
1270 2363 1318 2400 et
1339 2354 1614 2418 importune
1642 2366 1818 2416 rogan-

396 2434 542 2494 tium,
573 2434 717 2480 totius
739 2434 873 2496 regni
897 2431 1055 2479 officia
1079 2431 1391 2479 suffecissent.

461 2511 556 2559 Sed
573 2529 683 2559 cum
702 2512 844 2558 etiam
862 2510 963 2558 haec
979 2511 1142 2576 patriae
1159 2510 1411 2575 primiores
1427 2517 1474 2555 et
1493 2507 1813 2565 honestiores,

397 2590 478 2654 qui
515 2598 844 2637 convenerant
883 2587 1267 2651 Rothomagum,
1305 2601 1405 2633 non
1441 2586 1646 2633 laterent
1675 2583 1818 2630 moli-

396 2668 550 2726 mina,
588 2667 821 2713 miserunt
854 2664 917 2712 ad
948 2666 1106 2729 i'psum
1135 2664 1402 2729 principem
1429 2679 1571 2710 suum
1591 2659 1816 2727 epistolas

395 2757 442 2793 et
490 2745 710 2805 nuntios,
751 2753 973 2807 rogantes
1006 2753 1059 2790 ut
1093 2753 1277 2790 certum
1317 2742 1474 2804 diem,
1512 2758 1611 2806 quo
1643 2739 1814 2788 urbem

397 2840 534 2871 suam
554 2824 851 2888 ingressurus
876 2831 1015 2881 esset,
1038 2821 1279 2885 praefigere
1296 2819 1451 2881 vellet,
1470 2818 1638 2884 idque,
1661 2832 1814 2882 quan-
