2054 3470
688 321 835 367 LIBER
869 327 1143 368 SECUNDUS.
1549 337 1567 371 1
1576 332 1626 370 35

212 419 385 470 talibus
419 417 613 467 insaniis
641 425 688 464 et
714 413 1013 464 exsecrandis
1041 415 1140 462 suis
1168 414 1352 462 actibus
1385 416 1436 462 in
1458 419 1621 482 patriae

213 516 313 548 suae
338 510 571 560 suumque
594 493 928 542 exterminium
951 492 1260 558 praefatorum
1294 490 1550 542 illustrium
1579 506 1628 544 et

215 573 654 644 potentissimorum
688 571 964 637 principum
995 570 1120 617 vires
1158 571 1520 636 potentiamque
1557 589 1628 621 ar·

215 661 400 702 marent
423 659 470 698 et
491 650 773 711 excitarent,
802 648 930 696 misit
950 647 1047 695 dux
1069 647 1341 712 Philippus,
1368 657 1520 713 pater,
1545 651 1629 714 qui

213 746 356 780 senex
374 737 423 776 et
438 727 538 792 jam
560 726 840 791 grandaevus
871 724 1138 773 Bruxellam
1160 724 1404 773 incolebat
1420 762 1433 785 ,
1464 725 1528 773 ad
1549 742 1630 773 co-

212 807 377 856 mitem
398 805 460 854 de
481 804 744 867 Ckarolois,
765 803 918 851 filium
935 820 1093 862 suum,
1115 803 1311 850 nuntios
1327 813 1375 851 et
1387 803 1629 868 epistolas,

212 883 490 951 praecipiens
513 892 559 930 et
593 881 683 930 sub
710 897 854 947 poena
882 890 1092 947 paternae
1120 880 1463 946 indignationis
1492 882 1634 930 inter-

211 962 416 1020 minans,
448 977 560 1009 cum
587 976 676 1008 suo
693 958 904 1007 exercitu
921 967 1108 1006 mature
1126 958 1188 1006 ad
1203 975 1253 1006 se
1269 974 1473 1024 suasque
1486 969 1634 1009 terras

211 1038 406 1100 rediret,
432 1046 484 1085 ut
506 1053 584 1085 eas
604 1045 772 1084 contra
795 1036 990 1083 insanos
1012 1050 1069 1083 ac
1090 1035 1328 1083 nefandos
1352 1051 1495 1084 ausus
1515 1039 1637 1085 Leo-

212 1116 450 1166 diensium
479 1124 741 1175 tutaretur,
772 1124 1110 1180 susceptasque
1137 1114 1199 1163 ab
1228 1116 1295 1163 eis
1330 1114 1639 1165 ulcisceretur

210 1195 425 1260 injurias.
451 1193 508 1241 In
527 1193 629 1241 dies
646 1209 856 1258 namque
871 1193 1116 1258 prioribus
1134 1193 1374 1242 deteriora
1394 1195 1639 1243 cumulare

210 1271 503 1337 satagebant,
525 1280 590 1334 et,
614 1270 747 1319 velut
767 1286 796 1318 a
817 1270 951 1318 furiis
967 1270 1299 1332 infernalibus,
1318 1272 1453 1335 juxta
1475 1282 1640 1338 poeta-

212 1366 322 1397 rum
343 1348 525 1397 fabulas
540 1385 553 1409 ,
591 1349 731 1396 exciti
750 1385 762 1407 ,
798 1348 868 1396 nil
890 1347 1021 1396 aliud
1046 1365 1260 1413 quaerere
1276 1386 1290 1411 ,
1327 1365 1474 1414 quam
1496 1350 1570 1397 sui
1590 1358 1642 1397 et

212 1429 545 1495 proximorum
595 1438 738 1493 atque
779 1429 1054 1477 vicinorum
1086 1429 1422 1478 exterminium
1442 1466 1456 1489 ,
1502 1428 1637 1477 vide-

212 1506 411 1554 bantur.
1104 1549 1110 1555 ,

277 1584 516 1649 Susceptis
555 1585 716 1648 itaque
759 1584 969 1649 paternis
1003 1583 1244 1631 mandatis
1259 1621 1272 1646 ,
1310 1593 1506 1632 coactus
1547 1583 1634 1632 fuit

214 1661 317 1727 ipse
344 1677 532 1723 comes,
555 1661 748 1726 qualem
775 1662 960 1727 potuit,
997 1678 1089 1727 pro
1122 1661 1407 1726 emergentis
1439 1662 1532 1710 sibi
1553 1679 1638 1710 ne-

213 1739 442 1788 cessitatis
479 1739 785 1798 conditione,
816 1755 845 1787 a
865 1756 1001 1804 rege,
1027 1749 1126 1787 tam
1153 1756 1245 1805 pro
1276 1755 1326 1787 se
1358 1755 1506 1804 quam
1537 1739 1641 1788 aliis

212 1815 536 1882 principibus,
558 1818 689 1882 pacis
708 1816 1012 1865 conditiones
1031 1817 1265 1883 accipere.
1286 1819 1417 1875 Quas
1440 1817 1638 1882 quidem

211 1910 322 1955 rex,
348 1895 433 1959 qui
462 1904 566 1942 toto
601 1895 802 1955 annisu,
830 1904 882 1942 ut
907 1894 1141 1957 diximus,
1168 1911 1338 1942 eorum
1373 1894 1638 1942 discessum

212 1987 271 2020 ac
315 1972 668 2038 separationem
703 1988 733 2020 a
770 1988 819 2019 se
860 1972 1066 2019 invicem
1103 1971 1438 2038 perquirebat,
1482 1971 1638 2020 libens

211 2050 477 2110 concessit3
503 2050 709 2116 fecitque
734 2059 987 2099 tractatum
1009 2066 1099 2115 per
1129 2067 1276 2115 quem
1310 2050 1513 2098 domino
1548 2052 1638 2098 Ca-

213 2126 344 2188 rolo,
370 2143 600 2192 germano
629 2144 741 2191 suo,
779 2145 871 2194 pro
905 2144 991 2175 sua
1012 2127 1312 2176 haereditaria
1335 2127 1637 2175 successione

212 2214 414 2271 paterna
453 2206 800 2254 Normanniam
826 2205 1123 2270 assignabat3
1161 2205 1365 2253 domino
1398 2221 1516 2253 vero
1551 2222 1635 2253 co-

214 2282 318 2330 miti
357 2281 420 2330 de
462 2282 708 2330 Charolois
744 2282 1008 2344 Ambianis‚
1038 2281 1429 2331 Abbatis-Villam
1451 2292 1498 2330 et
1520 2282 1636 2331 alias

214 2369 365 2407 terras
395 2376 540 2424 supra
577 2371 624 2408 et
653 2360 779 2421 ultra
807 2360 988 2408 flumen
1010 2361 1287 2408 Summonae
1304 2397 1317 2422 ,
1344 2376 1464 2425 quas
1486 2360 1633 2426 paulo

215 2446 328 2484 ante
368 2453 556 2485 summa
590 2437 1054 2503 quadringentorum
1084 2436 1215 2484 mille
1249 2446 1501 2484 scutorum
1533 2437 1636 2496 (uti

216 2529 360 2578 supra
389 2514 669 2580 retulimus)
700 2514 996 2576 redemerat,
1034 2515 1204 2563 iterato
1245 2514 1468 2574 tradidit,
1495 2513 1557 2562 ab
1575 2531 1634 2561 eo

215 2590 406 2656 suisque
424 2591 696 2641 haeredibus
716 2602 953 2660 perpetuo
975 2592 1206 2641 tenendas
1229 2602 1277 2640 et
1297 2591 1629 2658 possidendaS.

217 2769 389 2809 maniere
420 2769 631 2810 detournee
660 2772 756 2812 dans
784 2774 822 2812 le
858 2774 1031 2826 chapitre
1060 2772 1281 2826 precedent.
1313 2773 1403 2812 Voir
1421 2771 1567 2810 Adrien
1586 2773 1635 2808 de

221 2833 510 2881 Veteri-Bosco,
529 2831 624 2871 dans
639 2833 913 2885 l’AmpIissima
930 2836 1109 2880 collectio,
1126 2842 1156 2874 t.
1175 2836 1242 2880 IV,
1262 2833 1337 2871 col.
1360 2833 1478 2870 1278.
