2054 3470
768 327 913 364 LIBER
940 325 1168 372 QUINTUS.
1597 322 1674 358 413

267 414 481 464 sufficere
499 423 695 480 possent
715 413 856 473 illius,
870 428 968 475 quo
991 411 1060 458 eis
1081 409 1399 458 necessarium
1420 409 1571 456 fuerat.
1595 407 1677 456 ali-

251 502 483 540 ‘mentum
506 489 743 557 [solvere].
769 489 860 537 Sed
883 498 931 536 et
951 488 1012 536 de
1034 487 1222 535 defectu
1254 486 1503 534 solutionis
1534 496 1678 533 statu-

265 581 426 620 torum
437 569 779 635 stipendiorum
794 582 961 614 omnes
975 566 1070 613 fere
1084 564 1407 630 querimonias
1422 564 1670 612 faciebant.

332 646 588 695 Exstabant
602 645 814 710 pecuniae
824 643 953 709 apud
963 642 1366 707 Luxemburgum,
1378 641 1439 688 ad
1449 641 1672 702 ducenta,

266 733 321 771 ut
338 722 482 787 vulgo
505 721 759 780 ferebatur,
782 720 928 767 millia
945 729 1190 767 scutorum
1207 719 1325 780 auri,
1346 734 1451 783 quae
1472 717 1554 765 illo
1576 719 1696 783 ipse.

267 800 363 848 dux
385 799 780 864 Burgundionum
803 797 975 845 advehi
997 806 1296 863 procurarat,
1323 806 1374 843 ut
1396 795 1458 844 ad
1479 803 1676 843 suorum

265 877 469 936 militnm
493 876 727 943 stipendia
747 885 1070 940 erogarentur.
1098 877 1248 921 Porro
1271 874 1384 939 quia
1407 873 1604 921 ulterius
1622 889 1678 921 ea

265 964 453 1003 vectare
478 954 930 1020 periculosissimum
958 963 1080 1012 erat,
1108 961 1304 1018 propter
1327 951 1537 998 hostium
1559 969 1678 1016 quo-

266 1031 472 1079 tidianos
496 1048 742 1093 excursus,
771 1031 855 1096 qui
879 1031 979 1078 vias
1004 1039 1145 1094 atque
1173 1030 1342 1076 itinera
1363 1028 1529 1076 dietim
1553 1028 1679 1076 obsi-

265 1108 445 1157 debant
468 1119 516 1157 et
538 1109 872 1170 excursabant,
904 1107 1079 1172 quibus
1105 1123 1349 1155 annonam
1373 1106 1435 1154 ad
1462 1110 1678 1171 Burgun-

266 1185 468 1234 dionum
500 1197 652 1235 castra
686 1203 827 1252 posse
856 1185 1030 1233 deduci
1062 1184 1339 1250 putabatur,
1374 1185 1494 1243 illic,
1534 1202 1595 1232 ne
1628 1186 1677 1232 in

265 1262 477 1312 hostium
496 1281 668 1313 manus
685 1263 1006 1330 pervenirent,
1030 1262 1210 1327 absque
1225 1262 1320 1309 hoc
1336 1262 1470 1327 quod
1488 1262 1574 1323 eis,
1597 1263 1678 1327 qui

266 1341 315 1388 in
339 1343 500 1390 castris
521 1331 673 1403 erant,
700 1343 870 1390 solatio
892 1341 1076 1403 fierent,
1101 1351 1447 1388 remanserunt.

332 1422 602 1469 Potuissent
623 1438 736 1469 sane
754 1421 959 1486 plurima
979 1420 1043 1467 ad
1064 1429 1215 1467 castra
1238 1420 1373 1467 ducis
1397 1418 1681 1482 Burgundiae

266 1498 489 1547 alimenta
507 1500 698 1561 deferri,
721 1509 774 1547 ut
791 1516 847 1547 ex
866 1498 1127 1563 Campania
1145 1508 1192 1545 et
1215 1515 1271 1544 ex
1294 1507 1419 1544 terra
1438 1497 1676 1556 Barrcnsi3

266 1575 350 1623 sed
369 1580 661 1624 Francorum
678 1594 757 1624 rex
775 1587 1196 1642 partemrmagnam
1218 1591 1412 1622 suarum
1431 1574 1680 1639 copiarum

266 1652 361 1700 illic
378 1654 711 1716 collocaverat,
735 1671 884 1718 usque
903 1653 965 1701 ad
984 1653 1113 1701 mille
1130 1663 1177 1700 et
1193 1654 1474 1718 quingentas
1492 1653 1681 1699 lanceas

266 1730 341 1777 vel
365 1732 583 1797 amplius.
611 1733 727 1790 Qui,
754 1733 866 1796 quia
887 1731 1123 1779 alimentis
1145 1740 1191 1777 et
1214 1729 1498 1777 victualibus
1519 1730 1681 1794 patriae

265 1808 560 1872 indigebant,
582 1810 928 1875 impedimento
947 1810 1058 1856 satis
1072 1818 1207 1856 erant
1225 1825 1285 1855 ne
1305 1809 1367 1855 ad
1385 1808 1680 1871 Burgundio-

266 1902 383 1934 num
405 1898 558 1935 castra
580 1888 728 1952 trajici
749 1905 828 1935 seu
853 1887 1026 1935 devehi
1046 1887 1326 1952 potuissent.
1353 1888 1500 1934 Erant
1521 1896 1680 1934 autem

265 1961 317 2009 hi
347 1965 527 2028 equites
549 1966 694 2029 regis,
720 1965 791 2011 uti
812 1964 1024 2026 aiebant,
1056 1981 1083 2012 a
1107 1967 1400 2011 Francorum
1426 1965 1518 2010 ritu
1547 1980 1680 2011 com-

270 2042 404 2087 muni
436 2058 631 2106 prorsus
664 2042 902 2089 differenti
936 2051 1079 2106 atque
1109 2042 1264 2089 alieno
1294 2042 1470 2100 vestiti,
1498 2050 1551 2088 ut
1580 2041 1682 2105 pri-

267 2117 420 2163 miore
447 2129 640 2182 aspectu
674 2120 900 2168 Germani
935 2120 1095 2184 potius
1130 2136 1214 2166 seu
1243 2120 1508 2177 SuitenseS‚
1535 2135 1680 2183 quam

266 2193 390 2240 Galli
417 2195 514 2242 sive
536 2196 727 2255 Franci,
761 2197 917 2260 putari
939 2197 1225 2261 potuissent;
1254 2206 1302 2244 et
1323 2196 1411 2258 ibi,
1441 2197 1566 2243 circa
1587 2199 1679 2242 Lo-

266 2270 510 2335 tharingiae
532 2271 652 2318 fines
673 2273 941 2332 constituti,
969 2273 1102 2336 quasi
1123 2290 1284 2320 rerum
1304 2282 1550 2334 eventum,
1577 2289 1680 2336 quae

267 2347 392 2396 circa
412 2349 773 2412 Burgundiones
793 2351 1116 2414 provenirent,
1142 2351 1387 2416 explorare
1410 2361 1552 2415 atque
1571 2367 1678 2397 aus-

267 2426 415 2490 picari
444 2426 747 2473 videbantur.
781 2427 876 2491 Ipsi
909 2428 1037 2475 enim
1069 2428 1179 2476 salis
1209 2429 1325 2476 certi
1356 2437 1514 2487 erant,
1546 2427 1679 2491 quod

268 2502 365 2575 dux
395 2503 732 2567 Lotharingiae,
768 2505 850 2568 qui
877 2505 926 2552 in
961 2506 1264 2554 Germaniam
1287 2507 1527 2571 profectus
1553 2515 1674 2565 erat,

207 2636 212 2637 ⁷
267 2597 380 2627 cum
407 2582 590 2644 magnis
618 2583 905 2630 Suitensium
937 2593 1078 2648 atque
1103 2585 1473 2633 Alemannorum
1501 2585 1673 2650 copiis,

243 2715 245 2719 ‚
267 2656 330 2703 ad
350 2659 727 2722 oppugnandum
750 2658 1052 2707 obsidionem
1074 2662 1329 2710 adventare
1350 2663 1566 2722 deberet3
1595 2678 1677 2708 cu-

266 2734 340 2797 jus
364 2735 430 2780 rei
454 2736 541 2799 ipsi
566 2736 959 2799 praestolabantur
982 2748 1206 2785 eventum
1228 2750 1370 2803 atque
1395 2740 1588 2786 exitum.
