2054 3470
406 277 457 315 62
766 274 1107 314 HISTORIARUM
1133 274 1372 313 LUDOVICI
1397 276 1454 314 xl

402 364 543 411 etiam
575 364 722 428 ipsius
751 363 881 411 urbis
908 362 1188 419 fatentibus,
1223 363 1340 427 quin
1373 363 1594 411 eamdem
1625 364 1703 412 vel
1730 382 1811 412 ex-

403 441 708 506 pugnassent,
733 441 810 488 vel
829 440 891 488 ad
909 439 1203 487 deditionem
1224 440 1490 488 faciendam
1513 441 1635 488 infra
1655 441 1814 489 brevis

401 519 627 584 temporis
653 534 810 565 moras
832 518 1235 565 constrinxissent.
1269 517 1363 564 Sed
1386 535 1498 564 cum
1521 519 1588 565 eis
1611 529 1814 584 utraque

401 597 640 656 deessent,
671 613 759 644 nec
785 596 962 643 valeret
990 612 1072 642 rex
1106 596 1202 660 ipse
1230 596 1278 642 in
1309 597 1503 662 propria
1531 606 1679 656 terra,
1709 613 1814 662 quae

401 674 511 721 satis
531 673 593 720 de
615 689 666 720 se
689 672 821 720 arida
843 682 929 733 est,
955 681 1002 719 et
1018 672 1120 735 jam
1141 689 1170 719 a
1192 673 1330 720 variis
1352 683 1646 720 armatorum
1667 674 1815 738 agmi-

401 750 541 798 nibus
566 766 703 798 exesa
727 760 774 796 et
797 758 974 796 vastata
996 758 1117 810 erat,
1145 750 1367 797 exercitui
1388 767 1631 798 annonam
1651 744 1813 798 neces-

401 829 574 876 sariam
597 828 880 884 ministrare,
909 826 1062 873 coacti
1083 836 1194 873 sunt
1218 826 1523 875 obsidionem
1544 828 1745 890 solvere,
1768 838 1815 876 et

400 905 462 954 ad
480 905 570 953 alia
589 906 719 963 loca,
744 920 849 968 quae
870 919 971 950 non
993 902 1115 950 adeo
1138 919 1275 951 exesa
1298 914 1478 965 essent,
1503 921 1554 953 se
1575 905 1810 953 conferre.

830 1114 1170 1160 CAPITULUM
1204 1115 1368 1160 XVIII.

399 1250 593 1295 Quomodo
616 1250 743 1285 Franci
765 1258 1018 1297 recuperarunt
1040 1250 1300 1296 Terragonam3
1323 1249 1551 1296 postmodum
1564 1277 1574 1294 ,
1602 1249 1649 1286 ad
1669 1251 1815 1299 propria

447 1304 595 1348 reversi,
613 1302 659 1338 ad
678 1302 901 1338 liberandum
921 1314 1036 1336 arcem
1060 1302 1264 1348 Perpiniaui
1286 1303 1461 1337 obsessam
1484 1302 1685 1346 redierunt3
1707 1316 1818 1350 eaque

446 1358 591 1392 liberata
608 1365 641 1391 et
656 1356 791 1404 oppido
810 1365 952 1403 recepto
969 1368 1050 1390 cum
1065 1363 1140 1390 toto
1157 1356 1326 1391 comitatu
1338 1356 1544 1391 Rossilionis
1565 1365 1599 1392 et
1613 1357 1815 1401 Ceritaniae,

447 1411 666 1445 Francorum
682 1422 745 1445 rex
767 1410 862 1456 ipsos
884 1409 1072 1444 comitatus
1088 1435 1098 1452 ‚
1123 1417 1290 1455 tanquam
1317 1408 1383 1444 sibi
1409 1410 1598 1456 acquisitos
1611 1435 1622 1453 ‚
1648 1403 1760 1446 tenuit
1783 1417 1818 1444 et

446 1463 613 1511 possedit.

465 1587 710 1632 Venerunt
726 1584 869 1648 igitur
887 1583 947 1630 ad
964 1584 1202 1630 civitatem
1219 1585 1648 1647 Terragonensem3
1671 1599 1816 1648 quam

401 1664 563 1727 paucis
580 1661 854 1709 obsidentes
871 1660 1060 1720 diebus,
1080 1660 1254 1724 partim
1271 1661 1334 1719 vi,
1357 1661 1531 1725 partim
1547 1671 1595 1708 et
1613 1661 1812 1722 ditione,

401 1740 488 1787 sub
507 1741 628 1803 regis
648 1740 721 1787 sui
744 1743 1016 1802 Aragonum
1034 1747 1317 1802 potestatem
1340 1737 1642 1801 redegerunt.
1665 1739 1817 1802 Cepe-

400 1827 512 1863 runt
537 1827 696 1863 autem
720 1826 767 1863 et
788 1824 1120 1881 expugnarunt
1143 1831 1296 1878 prope
1322 1814 1636 1861 Barcinonam
1657 1830 1815 1861 arcem

401 1892 717 1939 firmissimam
758 1890 1001 1938 Moncadae
1016 1925 1028 1948 ‚
1068 1890 1118 1935 in
1158 1890 1334 1935 vertice
1374 1889 1587 1936 altissimi
1631 1889 1816 1954 scopuli

399 1971 553 2017 sitam.
583 1969 729 2016 Multa
749 1969 893 2015 etiam
917 1960 1095 2031 oppida
1118 1975 1165 2012 et
1186 1965 1397 2026 castella,
1433 1981 1816 2030 quaquaversum

401 2049 632 2096 exercitus
646 2046 893 2103 circuibat,
915 2045 1088 2110 partim
1109 2045 1268 2103 armiS,
1286 2045 1460 2109 partim
1479 2061 1658 2109 pavore
1673 2055 1817 2110 atque

401 2136 553 2186 metu,
580 2123 795 2188 ejusdem
816 2123 939 2187 regis
962 2121 1133 2168 ditioni
1158 2121 1480 2168 restituerunt.
1506 2122 1631 2169 Fessi
1654 2132 1815 2170 autem

400 2212 448 2250 et
480 2201 719 2264 defatigati
757 2198 950 2256 milites,
985 2197 1219 2262 praecipue
1248 2197 1382 2261 quod
1418 2198 1593 2245 multos
1626 2198 1687 2245 de
1717 2198 1816 2245 suis

399 2281 534 2344 equis
559 2277 722 2344 pabuli
746 2275 1011 2322 defectione
1033 2275 1344 2338 calorumque
1367 2284 1413 2321 et
1438 2275 1558 2321 aeris
1580 2275 1815 2340 intempe-

400 2359 467 2405 rie
503 2355 845 2422 perdidissent,
882 2369 966 2417 per
995 2361 1142 2398 terras
1174 2352 1420 2415 Aragoniae
1451 2351 1513 2397 ad
1545 2361 1692 2398 terras
1729 2368 1812 2399 co·

402 2435 527 2483 mitis
542 2434 601 2481 de
616 2434 783 2490 Fuxo¹,
801 2430 884 2494 qui
900 2446 1025 2475 unus
1041 2429 1305 2493 praecipuus
1322 2445 1378 2475 ex
1393 2427 1594 2474 ducibus
1610 2429 1814 2476 militum

402 2522 501 2560 erat
527 2514 841 2569 Francorum,
872 2507 998 2554 circa
1025 2505 1173 2553 finem
1197 2506 1388 2566 aestatiS,
1414 2514 1462 2551 et
1484 2504 1598 2552 inde
1619 2505 1669 2552 in
1694 2505 1813 2554 ulte-

456 2659 495 2695 1.
525 2660 642 2700 Jean‚
670 2663 795 2693 comte
817 2652 866 2691 de
887 2652 983 2691 Foix
1000 2681 1010 2700 ,
1038 2650 1250 2688 lieutenant
1271 2649 1426 2701 general
1451 2649 1505 2688 du
1524 2650 1584 2688 roi
1607 2651 1630 2687 a
1656 2648 1813 2688 l'armee

403 2717 451 2756 de
462 2716 682 2768 catalogue.
709 2718 787 2755 Son
805 2713 928 2751 comte
949 2711 997 2750 de
1019 2711 1115 2750 Foix
1133 2709 1338 2763 repondait
1355 2713 1377 2749 a
1395 2723 1470 2761 peu
1488 2712 1578 2763 pres
1595 2723 1646 2749 au
1667 2709 1812 2763 depar-

405 2784 549 2815 tement
567 2773 691 2815 actuel
708 2772 757 2812 de
775 2771 958 2823 l'Ariege.
