2054 3470
387 330 462 367 392
742 330 1084 368 HISTORIARUM
1112 330 1351 371 LUDOVICI
1376 332 1433 369 XI

850 504 1190 550 CAPITULUM
1224 505 1323 550 vll.

462 619 515 653 De
531 618 633 666 gestis
651 632 715 667 per
732 631 850 666 regem
867 618 1035 654 adversus
1052 631 1171 666 regem
1189 619 1314 654 Siciliae
1325 647 1334 662 ‚
1353 619 1569 655 avunculum
1587 631 1710 664 suum,

777 682 812 708 et
830 672 996 708 adversus
1013 672 1140 708 ducem
1159 673 1204 708 de
1223 677 1398 709 Nemours.

444 790 544 834 Hac
564 795 723 833 autem
746 795 964 851 suscepta
994 787 1132 834 ruina
1164 804 1193 835 a
1214 787 1614 852 Burgundionum
1645 788 1791 848 duce,

379 865 462 930 qui
483 873 680 930 perante
698 879 799 910 non
820 863 969 911 modo
987 867 1281 912 Francorum
1308 866 1430 928 regi,
1453 864 1538 912 sed
1570 865 1795 913 omnibus

377 932 521 990 etiam
539 942 751 988 finitimis
768 942 938 988 terrori
960 951 1059 989 erat
1070 979 1082 1002 ‚
1107 952 1153 989 et
1173 942 1303 989 velut
1319 942 1651 1008 insuperabilis
1666 943 1793 991 bello

378 1037 406 1067 a
436 1019 652 1085 plurimis
686 1017 960 1084 putabatur,
1002 1035 1102 1065 non
1135 1018 1267 1065 dictu
1297 1028 1368 1066 est
1397 1019 1533 1067 facile
1565 1030 1793 1084 quantam

378 1097 491 1144 inde
530 1105 818 1162 acceperunt
861 1090 1073 1143 laetitiam
1109 1095 1277 1161 populi
1313 1097 1448 1160 regni
1475 1100 1790 1157 Francorum,

377 1175 514 1239 quasi
533 1174 762 1222 divinitus
784 1172 846 1220 ab
868 1173 1188 1221 infensissimo
1211 1172 1351 1220 hoste
1375 1190 1464 1221 suo
1487 1174 1606 1222 ultio
1631 1191 1794 1240 repos-

377 1252 470 1299 cita
504 1251 680 1297 suisset.
710 1249 850 1297 Unde
884 1250 934 1296 in
966 1249 1184 1314 pluribus
1215 1249 1416 1297 urbibus
1438 1259 1486 1297 et
1516 1249 1633 1298 locis
1662 1252 1796 1314 regni

378 1345 561 1393 magnae
578 1327 811 1374 indicium
833 1326 1001 1374 laetitiae
1023 1336 1069 1374 et
1091 1327 1435 1374 consolationis
1458 1326 1791 1388 ostenderuut;

377 1408 522 1454 etiam
553 1407 686 1470 ignes
723 1415 771 1453 et
792 1406 926 1453 faces
958 1404 1150 1470 publice
1172 1405 1223 1451 in
1256 1404 1424 1470 plateis
1444 1404 1792 1464 accenderunt,

377 1484 555 1531 choros
577 1494 624 1532 et
645 1483 865 1531 convivia
890 1499 1003 1530 cum
1025 1482 1266 1530 alacritate
1287 1498 1461 1546 magna
1483 1482 1687 1547 proinde
1708 1483 1794 1530 du-

318 1596 319 1600 ,
376 1571 537 1609 centes
566 1577 622 1609 ac
656 1561 897 1608 facientes.
924 1562 1020 1607 Nec
1042 1560 1229 1607 minore
1257 1559 1414 1607 laetitia
1435 1577 1518 1607 rex
1535 1559 1636 1625 ipse
1658 1563 1798 1607 Fran-

376 1655 547 1686 corum
579 1638 797 1704 perfusus
832 1637 974 1685 fuisse
1004 1636 1273 1685 credendus
1304 1646 1399 1698 est,
1437 1636 1546 1701 qui,
1574 1653 1686 1684 cum
1710 1653 1797 1702 per

379 1733 581 1781 regnum
615 1732 753 1763 suum
796 1715 958 1780 copias
987 1731 1094 1762 suas
1129 1730 1263 1779 paene
1304 1730 1473 1761 omnes
1507 1713 1795 1778 Lugdunum

379 1810 538 1858 usque
551 1803 598 1840 et
619 1809 755 1840 oram
779 1791 1027 1839 Sabaudiae
1044 1791 1349 1852 traduxisset,
1376 1790 1547 1839 exinde
1571 1800 1796 1838 eventum

377 1870 491 1917 belli
512 1870 641 1918 velut
660 1887 686 1918 e
709 1870 936 1935 spelunca
962 1868 1338 1934 praestolabatur‚
1361 1868 1495 1915 ducis
1518 1868 1794 1923 animosita-

379 1957 476 1994 tem
500 1964 599 1994 non
623 1946 708 1995 abs
727 1945 779 1994 re
796 1947 991 2006 veritus,
1012 1946 1097 1993 ubi
1117 1946 1224 1994 felix
1246 1946 1469 2006 victoria,
1492 1961 1626 2010 aeque
1648 1955 1702 1992 ut
1718 1945 1792 1992 in·

381 2023 532 2072 fausta
553 2024 692 2071 ruina
713 2023 804 2070 sibi
821 2023 1136 2088 provenisset.
1468 2012 1481 2023 ⁹

445 2100 541 2147 Sed
561 2117 661 2147 non
686 2100 876 2146 interim
899 2115 1116 2160 prorsuS‚
1142 2098 1258 2145 dum
1277 2098 1379 2146 haec
1398 2100 1462 2146 ita
1478 2099 1603 2146 inter
1622 2098 1796 2147 ducem

381 2186 427 2224 et
453 2177 692 2223 Suitenses
724 2184 1017 2239 gererentur,
1050 2191 1130 2221 rex
1155 2175 1257 2240 ipse
1286 2175 1501 2223 feriabat.
1537 2178 1657 2223 Nam
1683 2192 1797 2223 cum

379 2253 682 2301 intellexisset
703 2253 777 2299 vel
801 2251 1062 2316 suspicatus
1083 2252 1260 2311 fuisset,
1284 2269 1367 2299 seu
1382 2253 1525 2300 etiam
1541 2252 1797 2308 confinxis-

379 2341 471 2390 set,
499 2347 661 2394 regem
683 2333 917 2377 Renatum
942 2329 1132 2390 Siciliae,
1162 2328 1451 2377 avunculum
1483 2347 1648 2391 suum,
1673 2329 1796 2378 velle

381 2408 567 2456 tradere
593 2408 704 2455 duci
727 2407 1007 2454 comitatum
1029 2423 1168 2453 suum
1188 2408 1472 2465 Provinciae,
1501 2409 1548 2455 in
1572 2424 1670 2471 quo
1693 2418 1796 2454 tum

382 2485 605 2550 degebat,
641 2494 827 2532 retento
859 2484 948 2530 sibi
982 2484 1222 2548 ejusdem,
1244 2485 1407 2549 quoad
1439 2485 1640 2544 viveret,
1676 2501 1796 2532 usu-

383 2563 587 2624 fructu¹‚
619 2562 771 2610 voluit
797 2572 981 2627 partem
1017 2562 1266 2627 copiarum
1292 2579 1488 2610 suarum
1516 2564 1566 2610 in
1599 2565 1795 2611 Provin-

440 2700 478 2735 1.
510 2696 562 2734 Ce
594 2694 719 2746 projet
751 2693 843 2732 etait
882 2694 1084 2742 tres—recl,
1123 2694 1270 2746 malgre
1303 2693 1558 2733 l'incredulite
1593 2693 1797 2746 qu'affecte

383 2754 563 2795 l'auteur.
585 2754 680 2792 Voir
700 2753 756 2792 les
775 2752 909 2791 details
927 2752 1316 2792 tres-circonstancie's
1335 2753 1483 2791 donnes
1503 2755 1525 2791 a
1543 2767 1587 2792 ce
1605 2754 1703 2802 sujet
1725 2767 1796 2806 par

385 2813 565 2866 Philippe
588 2813 638 2852 de
654 2813 887 2863 Commines,
908 2813 936 2854 l.
958 2816 1005 2862 V,
1026 2828 1060 2852 c.
1086 2827 1131 2854 11.
