2054 3470
731 325 873 362 LIBER
909 325 1128 362 TERTIUS.
1558 326 1630 364 231

231 415 379 463 modo
409 430 499 462 nec
531 411 812 470 solemniuS,
851 430 940 460 nec
977 411 1267 460 reverentius
1294 421 1375 458 aut
1410 415 1636 462 sacratius

231 492 336 540 fieri>
365 501 547 558 posset,
585 490 823 553 juraverat
856 491 1135 539 habiturum
1167 498 1218 537 se
1253 499 1302 537 et
1336 501 1632 541 servaturum

230 578 479 636 perpetuas
518 583 683 632 pacem
705 605 718 624 ‚
767 569 1026 626 amicitias,
1076 568 1307 615 unionem
1344 578 1391 616 et
1434 586 1634 617 concor·

233 647 360 694 diam
392 661 502 692 cum
535 645 638 708 ipso
672 644 795 692 duce
831 646 1127 710 Burgundiae,
1165 644 1344 709 absque
1375 645 1470 693 hoc
1501 647 1636 711 quod

230 737 526 788 quacumque
547 721 643 777 via,
670 722 830 769 medio
848 740 929 770 seu
954 723 1162 788 querela,
1183 739 1496 790 quaecumque
1516 725 1639 772 foret·

231 809 313 847 aut
330 814 566 863 emergere
587 809 770 863 posset,
798 802 898 865 ipse
928 801 1101 849 faceret
1123 817 1206 848 seu
1237 800 1396 862 daret,
1424 811 1506 849 aut
1536 802 1638 850 fieri

229 892 316 942 per
335 875 479 922 alium
506 886 782 940 procuraret
806 895 1026 941 guerram
1043 916 1055 939 ,
1079 894 1334 941 gravamen
1356 894 1439 925 seu
1464 879 1639 943 praeju-

231 953 431 1013 dicium,
461 962 543 1000 aut
570 953 747 1000 malum
774 955 1114 1019 quodcumque
1137 955 1294 1002 eidem
1327 954 1439 1002 duci
1460 957 1638 1019 (quern

229 1046 327 1077 non
349 1029 496 1087 modo
518 1047 659 1077 suum
678 1042 952 1093 cognatum,
974 1031 1059 1079 sed
1083 1041 1129 1078 et
1150 1031 1358 1088 fratrem,
1381 1031 1639 1095 aliquando

229 1103 370 1155 etiam
391 1107 545 1155 filium
565 1107 879 1174 appellabat),
905 1109 1059 1170 terris,
1087 1108 1313 1156 dominiis
1335 1118 1418 1156 aut
1439 1108 1640 1156 subditis

229 1185 348 1244 suis3
385 1185 611 1249 quodque
631 1223 643 1246 ‚
671 1186 710 1232 si
733 1201 826 1249 qua
850 1187 974 1234 inter
994 1203 1076 1234 eos
1101 1186 1372 1234 oboriretur
1394 1186 1641 1233 contentio

230 1279 312 1310 seu
335 1262 527 1326 querela
549 1263 984 1326 (quemadmodum
999 1301 1012 1324 ‚
1039 1264 1088 1309 in
1114 1262 1256 1310 rebus
1277 1262 1377 1309 istis
1395 1262 1638 1323 humanis,

232 1340 373 1387 etiam
408 1340 530 1386 inter
567 1339 730 1386 fratres
768 1349 816 1387 et
851 1341 1093 1404 sanguinis
1132 1340 1481 1388 necessitudine
1524 1358 1642 1388 con·
1700 1361 1708 1367 ·

232 1416 573 1479 junctissimos,
616 1417 751 1463 facile
791 1418 981 1464 evenire
1020 1417 1198 1478 solet),
1246 1434 1346 1464 non
1391 1417 1643 1465 inchoaret

235 1509 358 1540 unus
384 1492 606 1540 adversus
633 1493 779 1541 alium
817 1511 1061 1558 guerram,
1093 1494 1177 1541 sed
1213 1494 1289 1540 vel
1320 1493 1637 1552 arbitrorum,

212 1612 216 1616 .
235 1570 308 1618 vel
326 1569 510 1634 parium
531 1572 776 1630 Franciae¹,
803 1572 877 1619 vel
901 1572 1046 1637 ipsius
1068 1571 1339 1636 apostolicae
1359 1570 1483 1618 sedis
1503 1570 1642 1634 judi-

234 1650 360 1696 cium
381 1648 583 1714 desuper
603 1659 943 1714 exspectarent.

298 1725 482 1783 Quibus
511 1736 607 1773 tarn
631 1727 963 1774 venerabiliter
1001 1743 1056 1774 ac
1088 1725 1306 1789 religiose
1344 1734 1641 1772 sacramento

231 1803 443 1862 firmatis,
461 1804 705 1867 quomodo
723 1806 977 1852 conveniat
998 1804 1326 1866 cohaereatque
1346 1802 1498 1849 soedus
1516 1802 1639 1848 istud

232 1897 343 1928 cum
386 1880 480 1927 hoc
517 1882 730 1946 principe
766 1882 970 1942 Waniae,
1011 1892 1064 1929 ut
1110 1880 1385 1940 retulimus,
1433 1879 1637 1938 sactum,

233 1958 579 2021 unusquisque,
604 1960 907 2023 quantumvis
936 1959 1110 2006 obtusa
1140 1967 1326 2015 mente,
1355 1956 1488 2003 facile
1520 1956 1643 2020 diju-

235 2034 390 2082 dicare
423 2046 596 2100 posset.
632 2035 723 2084 Sed
758 2047 805 2083 et
839 2037 1055 2101 profecto
1087 2053 1137 2083 se
1170 2052 1196 2082 a
1227 2035 1325 2082 risu
1360 2033 1529 2098 aliquis
1562 2035 1640 2082 vix

235 2112 476 2160 continere
500 2114 670 2178 possit,
694 2114 810 2161 dum
843 2114 909 2161 ibi
939 2114 1051 2177 legit
1077 2113 1210 2178 quod
1236 2116 1528 2159 Francorum
1559 2129 1642 2159 rex

236 2190 436 2236 Henrico
459 2200 504 2237 et
534 2193 820 2253 Margaretae,
849 2192 1060 2254 cognatis
1088 2192 1207 2249 suis,
1234 2207 1423 2255 semper
1456 2189 1642 2237 favores

237 2274 285 2312 et
309 2267 475 2314 auxilia
502 2277 669 2315 contra
702 2267 978 2315 Edoardum
1002 2267 1059 2314 de
1086 2270 1133 2314 la
1158 2268 1379 2323 Marche,
1407 2267 1640 2332 praestite-

238 2342 318 2402 rit,
344 2361 453 2391 cum
478 2347 588 2392 satis
618 2346 805 2392 notorie
831 2355 1017 2392 constet
1048 2345 1181 2410 quod
1202 2382 1214 2405 ,
1246 2354 1356 2391 ante
1389 2345 1535 2410 patris
1567 2345 1641 2391 sui

238 2417 420 2469 obitum
439 2459 451 2482 ,
497 2422 652 2470 eidem
704 2422 927 2470 Edoardo
973 2422 1112 2469 fuerit
1155 2422 1410 2469 foederatus
1454 2421 1643 2486 sibique

235 2571 321 2609 nier
343 2571 391 2609 ici
412 2572 450 2610 la
472 2572 644 2611 violence
665 2572 824 2611 exerce'e
849 2581 980 2610 contre
1005 2572 1043 2610 le
1069 2572 1128 2610 roi
1155 2574 1177 2609 a
1203 2571 1399 2618 Ple-ronne,
1424 2571 1591 2622 laquelle
1606 2571 1643 2608 ‘il

236 2631 358 2668 s'etait
374 2634 549 2670 contente
569 2633 616 2671 de
638 2646 769 2684 passer
786 2646 875 2671 sous
897 2633 1039 2671 silence
1059 2633 1153 2670 dans
1174 2632 1210 2670 le
1230 2632 1324 2670 recit
1343 2632 1390 2670 de
1409 2632 1640 2670 l'entrevue.

236 2693 364 2741 Voyez
381 2691 584 2740 ci-dessus,
605 2707 644 2744 p.
672 2696 762 2733 189.

292 2753 329 2788 1.
352 2751 508 2789 Comme
522 2752 558 2790 le
573 2753 659 2803 plus
678 2753 799 2804 grand
817 2751 979 2790 nombre
997 2752 1064 2790 des
1083 2752 1187 2804 pairs
1203 2751 1250 2790 de
1269 2754 1413 2790 France
1432 2749 1645 2788 assistaient

240 2811 263 2847 a
272 2809 509 2847 l’assemblee
522 2810 570 2848 de
587 2814 726 2859 Tours‚
747 2812 976 2863 l'argument
994 2810 1042 2850 de
1053 2811 1218 2849 Thomas
1229 2810 1345 2848 Basin
1358 2809 1486 2848 tombe
1498 2811 1521 2846 a
1534 2809 1640 2847 saux.
