2054 3470
793 374 942 417 LIBER
969 375 1170 416 PRIMUS.
1642 378 1691 413 27

279 469 428 516 vitum
465 478 575 516 eum
611 466 832 514 secedere
870 465 1043 528 coegit.
1087 463 1354 511 Dominum
1403 466 1594 511 Petrum
1633 464 1695 512 de

278 547 441 606 mezi,
487 543 799 592 senescallum
845 556 1076 606 magnum
1117 540 1423 588 Normanniae
1439 578 1450 597 ‚
1491 540 1695 589 alterurn

277 623 421 670 etlam
454 619 817 685 quodammodo
845 618 1150 666 Normanniae
1171 616 1518 680 ex'Anglorum
1548 630 1693 665 manu

276 709 676 764 recuperatorem,
703 697 785 762 qul
802 735 814 757 ,
836 706 944 763 post
965 697 1118 744 varias
1139 696 1273 759 sugas
1303 703 1447 760 atque
1467 695 1691 757 latebram,

276 775 639 841 quodammodo
684 768 732 822 in
773 775 972 838 gratiam
1007 773 1110 837 ejus
1146 788 1195 820 se
1227 772 1423 820 rediisse
1463 773 1692 838 putabat,

276 853 550 902 senescallia
578 863 625 901 et
648 853 828 900 militiae
858 861 1052 900 centum
1084 850 1360 898 lancearum
1391 850 1570 898 ducatu
1600 851 1697 916 pri-

276 939 461 988 vatum,
489 929 577 977 sub
603 929 806 977 obtentu
826 928 1010 977 ferendi
1023 928 1252 976 auxilium
1271 929 1496 987 Henrico,
1517 926 1694 991 Anglo-

274 1022 383 1054 rum
411 1008 534 1071 regi,
561 1007 644 1072 qui
668 1007 718 1054 in
743 1007 954 1054 Scotiam
976 1021 1128 1070 regno
1160 1006 1324 1070 pulsus
1354 1005 1619 1069 aufugerat,
1645 1005 1694 1052 in

274 1084 484 1132 Scotiam
504 1084 807 1132 transfretare
826 1084 999 1148 coegit.
1022 1082 1358 1147 Omnibusque·
1375 1081 1523 1129 ferme
1539 1091 1696 1147 pater-

274 1176 347 1209 nae
365 1162 541 1210 militiae
563 1161 768 1209 ducibus
785 1160 942 1208 officia
955 1171 1003 1208 et
1016 1177 1244 1207 numeros
1258 1159 1464 1207 militum
1482 1158 1693 1220 abstulit,

275 1258 331 1290 ea
353 1243 455 1290 aliis
475 1230 798 1304 committens,
822 1244 905 1307 qui
928 1243 976 1290 in
1002 1243 1070 1289 rei
1099 1241 1314 1289 militaris
1336 1241 1628 1306 experientia
1651 1251 1696 1288 et

276 1321 553 1368 strenuitate
588 1321 730 1384 longe
762 1322 970 1386 impares
999 1330 1186 1380 essent,
1213 1319 1627 1384 quemadmodum
1649 1330 1698 1367 et

276 1397 478 1461 ipsemet
501 1397 814 1463 postmodum
838 1399 1166 1463 experimento
1189 1397 1431 1463 probavit.

731 1628 1071 1674 CAPITULUM
1110 1629 1230 1673 VIII.

274 1761 423 1804 Qualem
445 1773 482 1796 se
497 1773 559 1796 rex
575 1760 622 1795 ad
640 1760 766 1796 ducem
784 1761 997 1809 Burgundiae
1015 1762 1191 1807 exhibuit,
1215 1771 1403 1809 antequam
1419 1775 1463 1798 ex
1486 1760 1627 1797 Parisiis
1651 1759 1698 1795 ad

320 1815 468 1863 propria
483 1814 636 1857 rediret;
660 1824 694 1849 et
711 1814 756 1849 de
776 1816 1012 1862 promissione
1036 1816 1195 1864 ejusdem
1219 1817 1308 1864 regis
1329 1816 1374 1851 de
1400 1814 1619 1852 sublevando
1636 1827 1694 1850 re-

321 1880 430 1915 gnum
445 1869 490 1904 ab
506 1881 613 1904 onere
626 1868 802 1903 talliarum
815 1877 848 1904 et
862 1869 1011 1904 aliarum
1027 1869 1264 1905 exactionum.

339 1992 460 2038 Cum
478 2001 639 2039 autem
661 1991 820 2040 adhuc
838 1991 1027 2039 Parisiis
1050 2001 1172 2039 esset
1192 2008 1304 2039 cum
1324 2008 1383 2039 eo
1401 1989 1698 2055 Burgundio-

275 2084 393 2115 num
414 2067 529 2129 dux,
552 2085 665 2116 cum
687 2069 864 2116 comite
886 2068 948 2116 de
972 2068 1236 2126 Charolois,
1256 2068 1358 2132 ejus
1383 2068 1501 2129 filio,
1519 2077 1566 2115 et
1586 2084 1697 2134 pro-

275 2142 462 2191 ceribus
485 2144 600 2204 suis,
626 2146 787 2210 ipsum
815 2161 906 2210 pro
928 2145 1175 2192 nonnullis
1193 2145 1364 2192 officiis
1386 2155 1529 2210 atque
1551 2144 1696 2192 rebus

275 2221 409 2284 regni
459 2221 858 2285 gubernationem
901 2223 1303 2270 concernentibus
1344 2223 1529 2287 rogavit
1549 2242 1562 2284 ;
1610 2222 1694 2270 sed

278 2297 398 2345 nihil
426 2314 613 2359 eorum,
639 2317 730 2366 pro
754 2300 931 2364 quibus
957 2310 1223 2364 rogaverat,
1253 2300 1540 2366 impetravit.
1568 2303 1695 2346 Inter

277 2383 443 2422 caetera
466 2375 592 2423 fama
610 2377 879 2442 percrebuit
894 2377 1153 2442 quod‚1pro
1175 2376 1471 2424 sublevando
1494 2393 1693 2441 regnum

279 2467 423 2499 onere
443 2453 618 2502 militiae
644 2463 692 2501 et
714 2454 1021 2515 tributorum,
1052 2455 1097 2501 ei
1119 2471 1286 2520 preces
1304 2454 1693 2502 affectuosissime

282 2527 485 2588 fecisset3
518 2531 602 2578 sed
624 2548 714 2579 nec
744 2533 794 2579 in
816 2532 939 2593 hoc,
963 2533 1118 2579 necin
1148 2532 1273 2594 aliis,
1313 2532 1563 2580 exauditus
1586 2532 1688 2578 fuit.

284 2607 565 2655 promiserat
586 2626 692 2670 rex,
713 2609 831 2657 dum
853 2609 1012 2657 adhuc
1032 2610 1081 2656 in
1104 2611 1240 2658 terris
1263 2611 1409 2675 ipsius
1429 2610 1564 2658 ducis
1577 2613 1693 2656 Bur-

281 2763 357 2801 que
378 2750 702 2804 Philippe-Marie
716 2787 726 2805 ,
748 2755 823 2794 duc
842 2755 891 2794 de
909 2755 1051 2807 Milan,
1081 2757 1147 2796 etit
1165 2757 1278 2796 laiss&
1299 2766 1351 2797 au
1375 2758 1451 2797 duc
1473 2758 1687 2806 d’Orleans‚

280 2822 349 2906 εἰη
369 2822 508 2849 neven.
529 2814 602 2851 Sur
621 2820 718 2853 cette
736 2815 890 2863 affaire,
903 2823 996 2869 roy.
1014 2823 1060 2855 ce
1077 2824 1153 2868 que
1170 2817 1337 2857 l‘nuteur
1351 2819 1407 2857 dit
1425 2819 1512 2871 plus
1532 2818 1626 2865 loin,
1642 2829 1691 2856 au

281 2882 301 2906 c
331 2881 393 2920 ap.
415 2881 487 2907 ΧΠ.
1663 2886 1666 2889 ’
