2054 3470
699 322 846 358 LIBER
875 321 1075 358 PRIMUS.
1544 326 1594 361 65

188 429 293 476 quae
320 411 527 476 perpessi
549 409 766 470 fuissent,
794 408 945 454 vicem
971 406 1188 454 hostibus
1219 407 1391 454 referre
1417 419 1595 474 satage-

187 489 319 536 bant.

255 563 411 629 Captis
437 563 578 627 igitur
604 561 939 609 Catalanorum
977 561 1268 626 direptisque
1308 573 1355 610 et
1390 564 1597 612 incensis

191 643 352 690 castris
372 658 452 689 seu
477 640 688 698 hastiliis,
715 641 796 704 qui
817 649 1077 704 potuerunt
1097 657 1153 686 ex
1175 639 1250 687 his
1277 642 1361 705 qui
1392 641 1453 689 de
1484 643 1597 689 foris

192 735 347 767 arcem
377 717 681 775 obsidebant,
710 726 758 764 et
780 716 831 763 hi
859 718 941 781 qui
965 717 1089 764 intra
1115 718 1349 782 oppidum
1376 729 1509 766 erant
1537 720 1598 767 ad

192 794 442 860 stipendia,
463 794 640 857 fugam,
668 794 852 841 civibus
874 793 1125 853 derelictis,
1151 795 1472 860 arripuerunt.
1506 797 1602 854 Qui

194 873 355 937 utique
385 873 509 920 cives
542 873 591 919 in
618 872 827 937 praedam
865 862 1278 937 direptionemque
1307 873 1453 921 Gallis
1491 891 1602 922 ces—

190 950 379 1007 sissent,
416 948 506 995 nisi
533 949 684 1013 pietas
716 959 763 996 et
800 949 1051 996 clementia
1081 948 1204 995 illius
1239 949 1431 998 illustris
1466 951 1602 998 ducis

195 1028 518 1075 Nemorsensis
533 1028 742 1074 furorem
762 1027 965 1074 militum
985 1037 1126 1090 atque
1146 1027 1377 1092 impetum
1396 1045 1480 1076 sua
1496 1046 1604 1094 pru-

195 1105 356 1154 dentia
367 1105 673 1153 cohibuisset.
690 1108 793 1152 Hoc
807 1121 1013 1169 namque
1031 1121 1319 1170 magnopere
1334 1107 1422 1171 ipsi
1438 1108 1605 1154 Franci

197 1182 478 1248 cupiebant,
512 1184 713 1230 scientes
746 1183 972 1230 maximas
1006 1181 1072 1228 ibi
1105 1199 1222 1247 opes
1253 1184 1607 1249 pretiosamque

197 1260 534 1325 supellectilem
566 1260 760 1326 copiose
793 1276 841 1307 se
875 1260 1179 1319 inventuros;
1219 1260 1300 1307 sed
1339 1260 1607 1325 benignitas

199 1338 368 1402 optimi
388 1337 512 1385 illius
535 1337 669 1385 ducis
700 1337 880 1385 obstitit
909 1337 1186 1401 civibusque
1209 1338 1467 1387 clementer
1489 1357 1607 1388 con-

200 1414 370 1473 suluit,
407 1416 490 1480 qui
525 1416 667 1462 etiam
703 1432 842 1462 suum
879 1431 978 1461 non
1017 1415 1280 1462 nescientes
1313 1417 1604 1480 periculum,

204 1491 438 1557 supplices
466 1492 842 1539 misericordiam
870 1491 1191 1556 postulabant.
1224 1495 1378 1550 Quam
1410 1495 1607 1558 quidem

204 1570 509 1630 invenerunt,
532 1569 674 1616 bonis
695 1579 791 1617 tam
815 1567 1070 1616 mobilibus
1089 1585 1233 1632 quam
1255 1570 1606 1632 immobilibus,

204 1647 362 1712 priore
385 1664 576 1711 quoque
599 1646 812 1694 libertate
843 1662 938 1710 qua
969 1646 1059 1693 sub
1089 1646 1183 1693 suis
1215 1646 1406 1711 regibus
1433 1650 1610 1711 Arago-

208 1740 324 1770 num
347 1725 486 1789 potiti
507 1724 714 1783 fuerant,
740 1723 918 1785 eisdem
940 1723 1132 1770 servatis
1153 1733 1200 1770 et
1223 1726 1453 1771 retentis¹.

271 1803 335 1847 Ex
355 1800 450 1848 hoc
473 1802 648 1865 itaque,
673 1802 711 1848 si
730 1801 846 1865 quid
862 1800 1104 1847 residuum
1125 1799 1371 1848 rebellium
1394 1801 1544 1849 fuerat
1563 1804 1609 1849 in

205 1878 430 1925 comitatu
451 1878 743 1935 RossiHonis,
765 1877 967 1924 Podium
985 1893 1180 1942 quoque
1196 1878 1478 1937 Ceritaniae’,
1501 1896 1611 1926 cum

210 1954 423 2019 pluribus
451 1955 652 2002 castellis
686 1941 898 2018 ejusdem
929 1955 1202 2015 comitatus,
1238 1955 1286 2001 in
1319 1954 1611 2003 deditionem

207 2041 394 2096 recepta
423 2042 557 2090 sunt,
594 2041 640 2079 et
672 2048 699 2079 a
732 2032 1072 2079 communitate
1103 2031 1350 2079 rebellium
1383 2033 1442 2079 ad
1473 2051 1611 2081 suum

209 2125 368 2174 regem
395 2109 626 2157 revoluta.

273 2189 450 2234 Verum
487 2203 598 2234 cum
630 2185 875 2234 Gallorum
919 2186 1062 2233 armis
1100 2186 1152 2233 hi
1191 2186 1290 2234 duo
1330 2191 1610 2250 comitatus,

215 2262 484 2311 Rossilionis
514 2264 690 2311 scilicet
710 2274 757 2311 et
778 2263 1046 2322 Ceritaniae‚
1069 2262 1264 2310 edomiti
1286 2265 1478 2312 fuissent
1503 2266 1615 2314 obe-

215 2337 487 2404 dientesque
516 2340 669 2387 effecti
690 2338 1120 2404 (quemadmodum
1142 2350 1188 2386 et
1207 2341 1416 2404 reliquos
1438 2343 1499 2389 de
1517 2352 1616 2390 tota

216 2415 483 2476 Catalonia‚
534 2418 632 2481 regi
667 2434 755 2465 suo
793 2416 1016 2476 rebelles,
1056 2416 1293 2463 edomitos
1333 2428 1476 2483 atque
1525 2420 1615 2468 sibi

218 2502 433 2555 parentes
458 2494 656 2542 reddere
685 2498 976 2542 Francorum
1002 2509 1160 2556 regem
1191 2495 1446 2559 recepisse³
1476 2507 1619 2562 atque

275 2637 313 2674 1.
342 2635 433 2673 Voir
455 2636 676 2676 l‘Abolition
702 2638 887 2677 accordee
905 2651 982 2677 aux
1008 2636 1199 2676 habitants
1227 2638 1276 2676 de
1304 2640 1540 2692 Perpignan,
1571 2656 1619 2680 en

169 2722 188 2779 Ι
219 2693 344 2742 J’uillet
362 2696 476 2734 1⁴63.
501 2698 761 2735 Ordonnances
775 2699 840 2735 des
855 2702 931 2734 rois
945 2699 991 2734 de
1003 2699 1163 2744 France,
1179 2705 1207 2737 t.
1226 2700 1331 2746 XVI,
1352 2713 1392 2750 p.
1410 2702 1476 2738 47.

274 2753 315 2793 2.
345 2754 741 2806 Fadium-ceritaniae,
760 2756 972 2808 Puycerda.

280 2813 315 2850 3.
347 2812 522 2863 Corriger
536 2818 746 2863 smeepisse.

433 2896 469 2918 11
1390 2889 1413 2924 5
