2054 3470
401 341 451 380 86
765 341 1105 379 HISTORIARUM
1131 343 1366 381 LUDOVICI
1392 344 1449 381 XI

398 428 489 477 sihi
525 430 574 476 in
607 428 775 477 eadem
799 445 904 478 arce
926 439 973 477 et
994 429 1238 495 adjacente
1263 432 1584 481 amoenissimo
1605 434 1809 484 ferarum

399 506 546 567 saltu,
585 507 734 554 muris
769 506 986 568 vallato¹,
1022 524 1109 572 per
1145 508 1332 567 omnia,
1367 508 1495 556 velut
1532 510 1580 557 in
1615 513 1809 576 propria

398 584 571 643 dom0,
596 593 846 646 potestate⁸

463 660 553 707 Ubi
581 677 694 708 cum
723 661 904 725 aliquot
934 660 1102 708 diebus
1130 661 1289 709 fuisset
1316 673 1604 725 remoratus,
1635 665 1808 713 iterum

395 738 456 785 ad
495 738 688 786 Abbatis
700 738 900 785 -Villam
936 755 1151 786 reversus
1194 749 1278 786 est.
1330 743 1617 804 Frequentes
1648 752 1808 790 autem

395 816 590 863 nuntios
615 825 661 862 et
688 815 909 880 epistolas
934 814 1201 863 destinabat
1223 816 1283 863 ad
1311 818 1536 865 comitem
1568 818 1629 866 de
1657 823 1807 866 War-

397 893 531 949 wiclz,
567 893 650 957 qui
691 902 791 939 tum
821 892 1054 958 oppidum
1084 894 1251 940 Calesii
1281 911 1369 959 pro
1407 912 1514 960 rege
1548 896 1808 959 Anglorum

397 969 778 1030 administrabat,
815 979 861 1015 et
889 970 939 1016 in
971 986 1029 1016 eo
1058 970 1342 1018 consistebat
1352 975 1382 1032 ¹,
1410 972 1666 1020 sollicitans
1696 990 1808 1020 eum

394 1046 701 1094 vehementer
735 1056 780 1093 et
811 1047 1054 1111 promissis
1080 1046 1288 1094 alliciens
1322 1058 1464 1113 atque
1499 1048 1803 1109 muneribus,

395 1133 628 1188 quatenus
651 1123 713 1171 ad
735 1140 897 1171 secum
920 1123 1218 1188 loquendum
1240 1126 1438 1173 veniret.
1465 1126 1559 1173 Sed
1579 1125 1699 1185 hoc,
1724 1143 1807 1174 seu

394 1201 567 1248 timens
598 1200 688 1248 sibi
719 1200 780 1248 ab
812 1200 1019 1259 insidiis,
1052 1217 1132 1248 seu
1164 1202 1373 1250 sinistras
1401 1219 1541 1267 posse
1567 1203 1817 1252 incurrere

396 1278 647 1326 adversum
680 1294 730 1325 se
763 1278 1083 1344 suspicioneS,
1122 1294 1227 1342 quae
1259 1279 1309 1325 in
1346 1280 1515 1326 animis
1550 1279 1809 1344 Anglorum

395 1355 531 1403 facile
550 1355 731 1403 oboriri
753 1355 1041 1420 potuissent,
1070 1355 1119 1401 id
1139 1364 1242 1402 tum
1267 1356 1463 1403 minime
1485 1355 1657 1403 effecit.
1683 1360 1810 1404 Inter

396 1433 633 1497 agendum
661 1449 779 1479 vero
807 1442 855 1479 et
881 1432 1151 1496 aliquorum
1174 1448 1368 1479 cursum
1396 1432 1605 1490 dierum,
1636 1433 1811 1497 quibus

396 1527 478 1557 rex
499 1509 833 1573 hujuscemodi
855 1509 1075 1574 practicis
1100 1508 1196 1555 suis
1219 1509 1484 1569 insistebat,
1511 1509 1739 1557 simulans
1759 1526 1810 1557 se

396 1604 483 1653 per
519 1587 733 1634 medium
766 1586 882 1633 dicti
914 1586 1102 1633 comitis
1136 1585 1255 1633 velle
1291 1603 1404 1634 cum
1438 1603 1547 1651 rege
1581 1597 1630 1634 et
1662 1603 1810 1651 regno

400 1665 657 1729 Anglorum
683 1680 852 1729 pacem
876 1663 1066 1710 firmare
1090 1673 1235 1727 atque
1264 1663 1471 1712 stabilire
1486 1701 1499 1726 ‚
1523 1664 1744 1712 voluntas
1766 1666 1810 1713 ei

396 1751 591 1806 repente
612 1741 806 1788 obvenit
822 1739 942 1787 velle
964 1740 1126 1787 denuo
1150 1740 1396 1805 praefatum
1415 1740 1807 1804 Burgundionum

397 1817 570 1865 ducem
615 1817 745 1883 apud
778 1834 919 1864 suum
961 1815 1195 1881 oppidum
1237 1817 1298 1863 de
1331 1814 1536 1863 Hesdinc
1575 1816 1760 1864 visitare
1772 1818 1802 1863 ⁸.

399 1894 536 1941 Unde
555 1896 750 1942 nuntios
765 1894 827 1941 ad
842 1910 952 1940 eum
969 1893 1249 1951 destinans‘,
1269 1892 1359 1939 sibi
1381 1893 1638 1939 insinuavit
1651 1893 1804 1957 quod,

398 1971 619 2035 proximo
649 1971 749 2032 die,
778 1986 941 2018 secum
964 1970 1025 2015 ad
1050 1968 1306 2033 prandium
1336 1970 1541 2030 veniret,
1567 1978 1731 2034 petens
1756 1979 1809 2016 ut

397 2057 561 2113 parata
586 2049 748 2094 omnia
768 2047 1042 2093 invenisset.
1066 2044 1211 2102 Quod
1235 2045 1417 2108 utique,
1455 2061 1555 2092 non
1585 2044 1804 2106 dubium,

398 2125 613 2172 alacriter
646 2134 692 2170 et
724 2124 830 2170 laeto
860 2122 999 2170 valde
1029 2123 1190 2169 animo
1220 2123 1319 2187 ipse
1339 2122 1445 2192 ‚dux
1475 2122 1803 2187 adimplesset,

397 2202 489 2249 nisi
511 2201 800 2248 obstitissent
829 2216 955 2246 nova
985 2216 1090 2263 quae
1116 2199 1359 2264 inopinate
1386 2199 1475 2246 sibi
1512 2199 1572 2246 de
1596 2198 1695 2246 filio
1719 2215 1807 2246 suo

398 2291 445 2329 et
464 2280 526 2329 ab
547 2281 652 2346 ipso
675 2288 1019 2346 provenerunt.

451 2421 488 2458 1.
521 2417 737 2456 Chastelain
759 2416 910 2469 appelle
928 2429 971 2455 ce
990 2428 1104 2467 parc,
1124 2416 1162 2454 la
1179 2414 1278 2454 foret
1299 2415 1348 2453 de
1366 2417 1507 2466 Kersy.

451 2481 489 2516 2.
519 2477 707 2515 Warwick
722 2508 732 2525 ,
753 2476 923 2527 quoique
944 2488 1189 2528 gouverneur
1208 2474 1256 2513 de
1271 2474 1416 2521 Calais,
1437 2488 1477 2512 se
1498 2474 1616 2513 tenait
1636 2475 1738 2514 alors
1758 2486 1807 2513 en

397 2539 639 2592 Angleterre.
659 2538 880 2576 Seulement
905 2536 931 2574 il
957 2535 1099 2574 resulte
1117 2534 1233 2573 d’une
1258 2535 1367 2573 lettre
1390 2534 1507 2572 (ecrite
1525 2547 1596 2586 par
1619 2547 1672 2573 un
1693 2542 1808 2587 agent

397 2597 565 2651 anglais,
585 2596 678 2647 qu'il
698 2596 802 2634 avait
821 2594 965 2647 promis
985 2594 1033 2633 de
1050 2594 1162 2632 venir
1180 2607 1246 2632 sur
1272 2594 1308 2632 le
1337 2593 1555 2643 continent3
1575 2593 1670 2632 mais
1696 2593 1726 2632 il
1741 2595 1808 2644 n’y

396 2657 481 2695 vint
500 2657 620 2709 point.
644 2656 734 2694 Mlle
754 2659 924 2706 Dupont‚
946 2655 1164 2702 Commines,
1185 2662 1213 2691 t.
1236 2655 1308 2701 ΠΙ,
1332 2666 1372 2703 p.
1395 2653 1487 2690 212.

453 2720 490 2756 3.
521 2719 625 2754 Dans
647 2715 702 2754 les
719 2714 904 2766 premiers
923 2714 1032 2762 jours
1056 2709 1251 2750 d'octobre
1271 2712 1389 2750 146⁴.

451 2778 490 2814 4.
522 2779 579 2813 De
616 2774 763 2812 Novion
775 2803 785 2821 ‚
828 2776 848 2811 a
885 2772 942 2811 six
978 2772 1098 2810 lienes
1133 2770 1182 2808 de
1212 2769 1357 2809 Hesdin
1369 2800 1379 2819 ,
1414 2771 1465 2807 οὺ
1503 2769 1531 2807 il
1564 2768 1688 2807 s’etait
1721 2767 1806 2815 ddja

394 2835 556 2874 avance.
