2054 3470
728 312 874 348 unm
914 311 1145 369 QUINTUS.
1547 335 1553 340 -
1573 312 1643 350 381

238 402 414 449 sactum
438 401 593 447 statim
622 399 742 446 alter
771 399 1071 446 existimaret.
1107 399 1245 446 Unde
1267 417 1379 446 cum
1404 403 1650 465 utriusque

236 479 458 542 gratiam,
494 476 843 541 captandorum
871 476 1020 539 gratia
1051 476 1322 535 lucrorum,
1357 477 1540 524 studuit
1572 495 1647 525 re-

235 565 440 614 tentare,
461 553 588 618 apud
605 552 877 600 utrumlibet
889 553 1056 600 odium
1073 562 1217 617 atque
1233 554 1504 600 inimicitias
1518 571 1648 601 com-

236 632 436 697 paravit.

303 711 634 756 Verumtamen
667 717 769 754 esto
805 707 960 753 minus
989 706 1214 771 provide,
1245 707 1402 754 minus
1424 708 1641 754 consulte

233 787 285 834 in
306 786 380 833 his
401 801 501 832 sese
524 784 696 848 egerit;
721 795 823 831 esto
844 784 956 830 duci
974 785 1369 848 Burgundionum
1392 786 1466 832 vel
1490 785 1645 831 inimi-

210 918 220 924 *
234 879 340 923 cus,
366 861 439 909 vel
462 860 673 926 perfidus
695 861 922 908 exstiterit
936 898 948 921 ‚
973 860 1351 926 promissamque
1375 871 1483 908 ante
1503 872 1550 909 et
1567 862 1643 924 ju-

232 947 382 986 ratam
410 938 558 986 fidem
580 955 678 985 non
703 938 904 984 fideliter
933 954 988 985 ac
1018 939 1201 986 sincere
1229 938 1318 986 sibi
1348 940 1603 986 servaverit

231 1033 343 1063 cum
364 1025 523 1062 tamen
547 1016 609 1062 ad
631 1017 788 1080 ipsum
810 1032 867 1062 ex
893 1015 1075 1063 ditione
1097 1017 1242 1078 regis,
1271 1033 1414 1080 quem
1437 1016 1644 1063 acerbis-

231 1093 348 1140 sime
364 1093 602 1140 infensum
618 1092 814 1151 sciebat,
835 1092 925 1139 sub
943 1093 1244 1158 amplissimis
1265 1094 1425 1152 etiam,
1454 1104 1505 1140 ut
1523 1093 1646 1140 sama

232 1169 343 1229 fuit,
378 1169 468 1217 sibi
499 1169 619 1217 datis
650 1178 697 1216 et
723 1170 937 1233 praestitis
968 1169 1295 1216 securitatibus
1327 1170 1642 1233 confugisset,

167 1281 169 1283 ψ
232 1248 446 1312 profecto
467 1246 600 1311 quod
624 1263 735 1294 eum
760 1246 979 1293 manibus
1003 1247 1141 1310 regiis
1158 1263 1212 1294 ac
1229 1248 1468 1311 potestati,
1494 1248 1645 1312 ruptis

231 1323 562 1387 hujuscemodi
591 1323 922 1371 securitatibus
940 1361 951 1382 ‚
986 1323 1291 1371 cautionibus
1318 1341 1372 1371 ac
1404 1323 1499 1371 fide
1533 1341 1640 1384 sua,

230 1400 521 1448 contradidit
536 1438 547 1459 ‚
573 1401 702 1465 apud
727 1417 894 1447 omnes
917 1400 1086 1458 serme,
1110 1417 1318 1464 quorum
1343 1401 1400 1447 ad
1425 1402 1645 1448 notitiam

230 1494 286 1525 ea
322 1493 396 1524 res
425 1478 669 1541 pervenit,
705 1477 1024 1541 turpissimam
1056 1493 1111 1524 ac
1144 1478 1644 1540 ignominiosissimam

231 1552 438 1618 perfidiae
468 1563 611 1617 atque
647 1553 935 1617 proditionis
966 1554 1202 1601 maculam
1230 1564 1276 1600 et
1298 1564 1463 1601 notam
1487 1554 1642 1601 eidem

230 1630 342 1677 duci
367 1630 766 1694 Burgundionum
789 1630 975 1694 adjecit.
998 1633 1092 1677 Nec
1114 1640 1222 1695 post
1238 1648 1295 1678 ex
1313 1631 1540 1678 omnibus
1562 1648 1644 1679 co-

229 1705 420 1754 natibus
442 1717 489 1753 et
512 1707 694 1770 magnis
715 1706 1114 1771 expeditionibus,
1140 1723 1276 1771 quas,
1299 1708 1407 1754 totis
1429 1718 1645 1755 contrac-

230 1784 287 1829 tis
310 1783 514 1842 viribus,
549 1784 598 1829 in
635 1793 782 1830 terras
811 1783 1101 1829 Suitensium
1131 1783 1317 1842 eduxit,
1345 1784 1475 1831 aliud
1498 1801 1643 1848 quam

227 1860 539 1923 ignominiam
570 1869 617 1907 et
643 1860 967 1925 irreparabilia
992 1860 1190 1921 damna,
1226 1878 1376 1925 usque
1404 1862 1465 1908 ad
1494 1872 1644 1908 extre—

230 1954 363 1984 mum
381 1954 521 1984 suum
554 1938 750 1985 exitium
778 1947 824 1984 et
847 1939 1328 1998 consummationem,
1363 1941 1637 2004 reportavit.

233 2016 287 2060 Et
307 2013 402 2061 hoc
428 2031 486 2061 ex
507 2014 582 2061 his
606 2031 711 2078 quae
733 2014 932 2079 posthac
965 2015 1203 2063 narranda
1234 2032 1284 2062 se
1307 2015 1515 2063 offerunt
1532 2054 1544 2077 ,
1576 2017 1645 2063 lu-

237 2090 469 2137 culentius
489 2090 753 2156 apparebit.

725 2262 894 2306 CAPIT
899 2262 1064 2307 ULUM
1098 2262 1155 2307 V.

228 2389 385 2434 Qualiter
402 2388 475 2424 dux
497 2388 709 2436 Burgundiae
733 2388 899 2424 adversus
919 2389 1093 2429 Suitenses
1113 2389 1374 2437 expeditionem
1397 2390 1522 2435 duxit;
1541 2400 1574 2425 et
1598 2391 1643 2426 de

276 2445 389 2491 prima
405 2443 518 2487 clade,
534 2456 638 2489 quam
656 2444 700 2477 ab
719 2444 768 2477 eis
790 2444 961 2490 suscepit;
977 2444 1144 2490 quodque
1159 2458 1221 2479 rex
1237 2447 1454 2480 Francorum
1469 2447 1643 2481 abstinere

276 2511 296 2532 a
310 2498 526 2533 Suitensibus
542 2498 575 2532 ei
591 2497 777 2532 consilium
795 2497 914 2534 dabat.

295 2621 550 2681 Postquam
583 2618 725 2680 igitur
754 2617 852 2664 dux
885 2618 1190 2680 Burgundiae,
1229 2619 1482 2684 profligato
1521 2617 1643 2664 duce

231 2694 559 2757 Lotharingiae‚
594 2695 677 2758 qui
710 2711 739 2742 a
770 2710 879 2758 rege
911 2704 1024 2741 tunc
1054 2694 1186 2743 nulla
1218 2695 1508 2742 defensionis
1531 2710 1644 2757 prae-

229 2770 346 2818 sidia
387 2771 596 2831 invenit,
642 2771 947 2834 Lotharingia
987 2781 1034 2818 et
1069 2772 1296 2819 comitatu
1340 2771 1644 2818 Validorum-
