2054 3470
667 323 815 360 unm
854 322 1123 373 SECUNDUS.
1530 327 1606 364 159

190 409 435 475 suppliciis
462 409 645 471 affecti;
682 409 747 456 ita
771 419 850 467 ut,
878 409 1011 474 quod
1047 410 1163 458 olim
1196 409 1372 458 nobilis
1401 412 1607 476 tragicus

190 486 363 535 cecinit
388 505 401 533 ε

308 587 408 642 Non
427 599 560 642 intrat
581 615 772 659 unquam
795 601 960 661 regium
984 600 1110 645 limen
1131 601 1261 657 fides,

187 721 237 760 et
253 712 366 761 item
386 729 397 759 :

726 777 756 819 J
756 791 833 819 ura
851 775 1073 837 pudorque

367 849 422 892 Et
441 850 630 910 conjugii
650 861 812 894 sacrata
833 848 940 893 fides

364 921 552 982 Fugiunt
574 922 706 966 aulas.

186 1044 231 1084 et
268 1035 408 1102 plura
438 1035 798 1101 hujuscemodi,
834 1034 979 1100 hujus
1015 1033 1244 1100 principis
1279 1035 1603 1100 tempor-ihm,

187 1130 333 1179 quam
355 1131 470 1163 vera
489 1115 605 1175 sint,
631 1115 816 1162 cunctis
837 1113 1189 1161 evidentissime
1207 1113 1428 1178 patuerit.

251 1192 430 1240 Videns
456 1193 558 1258 ipse
587 1193 748 1258 itaque
778 1191 912 1255 quod
943 1190 1005 1238 de
1034 1190 1158 1238 duce
1186 1190 1464 1252 Britanniae,
1496 1209 1607 1241 cum

185 1286 284 1334 quo
313 1270 445 1336 apud
475 1271 744 1319 Cadomum
773 1269 934 1335 plures
966 1268 1068 1316 dies
1098 1268 1260 1316 festive
1289 1278 1605 1335 transegerat,

185 1364 383 1396 securus
413 1352 514 1397 erat
545 1348 679 1414 quod
710 1348 842 1396 fratri
872 1364 960 1395 suo
992 1346 1279 1394 auxiliorum
1309 1346 1478 1396 solatia
1518 1349 1608 1396 mi-

186 1425 316 1473 nime
345 1436 468 1474 esset
497 1425 804 1493 praebiturus,
839 1424 1055 1472 similiter
1085 1424 1231 1472 etiam
1259 1441 1417 1490 neque
1445 1442 1608 1475 comes

187 1502 248 1550 de
274 1503 535 1564 Clzarolois,
563 1506 646 1570 qui
668 1505 718 1551 in
745 1503 1050 1569 expeditione
1073 1502 1302 1550 adversus
1325 1503 1608 1552 Leodienses

186 1580 298 1628 satis
325 1591 585 1647 occupatus
612 1590 714 1629 erat
739 1583 967 1646 (quorum
995 1579 1220 1628 adversus
1249 1595 1357 1627 eum
1381 1581 1608 1631 odiorum

186 1661 401 1706 veterum
422 1658 566 1719 faces,
579 1659 680 1723 jam
695 1659 845 1723 longo
867 1658 997 1723 pacis
1019 1658 1118 1705 otio
1143 1658 1360 1723 sopitas¹,
1378 1659 1609 1709 excitave-

185 1735 308 1800 rat),
334 1745 388 1783 ut
413 1736 766 1800 Rothomagum
802 1734 975 1782 urbem
1012 1734 1387 1798 constringeret,
1426 1736 1474 1783 in
1513 1753 1609 1801 qua

183 1829 297 1861 suus
315 1830 568 1878 germanus
589 1822 708 1871 erat,
734 1813 970 1879 oppidum
995 1812 1359 1874 Pontis-Archae,
1378 1812 1463 1860 ubi
1478 1813 1606 1862 idem

184 1893 437 1953 germanus
449 1890 608 1956 aliqua
620 1890 828 1940 militum
844 1888 1062 1956 praesidia
1076 1888 1332 1951 locaverat,
1353 1889 1607 1939 obsidione

185 1967 331 2031 cinxit
341 1970 373 2029 ’‚
393 1969 505 2017 satis
529 1985 701 2034 aspero
726 1977 944 2034 tempore
965 1977 1014 2014 et
1036 1967 1335 2033 importuno,
1354 1983 1519 2016 mense
1540 1969 1608 2016 vi·

185 2045 355 2094 delicet
371 2047 631 2111 januario³.

191 2171 197 2176 ,
242 2125 374 2171 ‘Cum
401 2141 517 2173 vero
543 2122 746 2171 obsessis
774 2123 906 2170 nulla
931 2140 1038 2188 spes
1065 2132 1282 2170 maneret
1302 2139 1555 2172 succursus
1577 2141 1606 2172 a

188 2210 433 2266 quoquam
458 2203 628 2250 solatia
649 2200 996 2265 consequendi,
1024 2201 1236 2266 optimus
1257 2200 1335 2248 ille
1359 2202 1602 2267 princeps,

239 2335 278 2374 1.
305 2337 489 2374 L'auteur
514 2334 645 2374 oublie
673 2333 770 2386 qu’il
796 2348 821 2373 a
851 2334 908 2373 dit
932 2335 970 2374 le
997 2335 1190 2374 contraire
1212 2335 1308 2374 dans
1338 2335 1535 2374 1’flistoire
1555 2335 1605 2374 de

192 2392 348 2433 Charles
364 2398 457 2443 VII,
477 2399 505 2437 1.
521 2398 569 2445 V,
589 2409 624 2434 c.
646 2409 713 2433 xv.

238 2453 278 2490 2.
298 2450 340 2492 '11
358 2454 425 2506 n'y
444 2463 510 2494 eut
527 2455 716 2507 d'assiege
738 2466 816 2505 que
844 2453 880 2492 le
906 2451 1068 2492 chateau
1093 2452 1143 2491 de
1168 2451 1540 2502 Pont-de-I'Arche3
1566 2453 1604 2491 la

185 2510 278 2550 ville
302 2512 360 2551 fut
387 2513 456 2552 des
486 2513 522 2552 le
547 2516 571 2553 9
605 2514 759 2562 janvier
783 2525 835 2552 au
862 2512 1030 2565 pouvoir
1057 2511 1112 2550 du
1135 2512 1196 2550 roi
1224 2524 1296 2564 par
1319 2525 1397 2550 une
1419 2511 1603 2551 nouvelle

185 2570 356 2623 trahison
374 2573 422 2611 de
439 2574 556 2612 Louis
573 2573 731 2614 Sorbier
743 2602 754 2621 ,
779 2572 815 2611 le
835 2574 961 2610 meme
983 2571 1052 2623 qui
1077 2571 1180 2609 avait
1200 2579 1283 2610 tant
1304 2571 1505 2610 contn’bue
1525 2574 1546 2608 a
1564 2571 1602 2609 la

184 2628 287 2679 prise
305 2629 355 2668 de
377 2632 514 2669 Rouen
534 2640 572 2670 et
596 2634 617 2669 a
643 2632 864 2670 l’elevation
886 2632 940 2669 du
962 2632 1036 2670 duc
1059 2631 1107 2669 de
1125 2630 1361 2669 Normandie
1389 2643 1438 2669 en
1459 2631 1602 2668 livrant

184 2688 376 2728 Pontoise.
394 2690 531 2728 Arrete
549 2703 620 2742 par
634 2690 691 2729 les
705 2703 800 2743 gens
816 2690 981 2729 d’armes
999 2691 1053 2729 du
1068 2690 1143 2739 roi,
1164 2690 1192 2728 il
1209 2690 1345 2728 acheta
1363 2702 1405 2727 sa
1419 2691 1534 2742 grace
1550 2701 1601 2726 en

187 2756 395 2798 procurant
411 2748 498 2788 leur
514 2750 645 2788 entree
660 2749 758 2789 dans
779 2750 818 2788 la
834 2750 943 2790 ville.
962 2750 1108 2790 Chron.
1128 2749 1281 2796 scand„
1295 2751 1351 2787 ad
1366 2761 1457 2787 ann.
1476 2749 1598 2787 1465.

240 2810 278 2848 3.
310 2809 426 2850 1466.
