2054 3470
693 375 839 411 LIBER
875 375 1095 411 TERTIUS.
1522 374 1599 411 233

197 464 340 524 Quod
361 464 546 527 utique,
569 471 620 509 ut
641 477 785 527 supra
808 461 1082 521 retulimus,
1114 461 1389 526 compulsus
1411 470 1457 508 et
1479 478 1600 525 quo-

196 540 479 598 dammod0,
503 539 542 586 si
563 538 658 585 dici
679 547 861 602 potest,
886 538 1060 584 invitus
1087 547 1383 602 percusserat
1400 574 1411 595 ,
1436 539 1602 602 praeri-

197 619 331 683 piens
354 615 470 663 illud
492 618 784 662 Francorum
805 613 928 677 regi,
954 614 1037 677 qui
1062 614 1123 661 ad
1146 614 1303 678 ipsum
1326 612 1601 660 habendum

197 711 307 742 cum
344 709 425 751 eo,
466 690 527 738 ad
564 691 636 737 sui
673 690 870 736 exitium
903 700 948 737 et
982 690 1126 736 totale
1160 689 1519 748 exterminium,
1549 699 1602 736 ut

197 786 339 836 supra
354 769 578 826 diximus,
603 766 914 814 vehementer
934 767 1211 827 anhelabat,
1234 778 1282 815 et
1308 767 1370 815 ad
1403 768 1453 814 id
1478 784 1602 815 asse-

197 846 462 910 quendum,
487 844 571 892 diu
593 853 850 908 antequam
883 844 1163 907 Burgundiae
1184 844 1278 891 dux
1300 844 1416 891 illud
1438 846 1602 909 exqui-

195 932 317 971 reret
336 932 417 970 aut
437 922 497 969 de
515 921 794 986 accipiendo
811 923 861 968 in
883 923 1242 969 matrimonium
1266 922 1367 985 ejus
1388 938 1603 968 sororem

195 1001 445 1064 cogitaret,
471 1015 557 1064 per
586 998 797 1045 medium
825 1000 897 1045 sui
932 999 1120 1046 comitis
1143 999 1204 1046 de
1227 1002 1297 1045 W
1294 998 1454 1044 arvc'clz
1481 999 1603 1046 mul-

195 1077 414 1142 tipliciter
442 1075 705 1134 laborarat,
748 1085 793 1122 et
829 1092 928 1122 non
963 1075 1024 1123 ad
1060 1077 1207 1123 alium
1244 1074 1390 1122 finem
1424 1092 1516 1122 nec
1541 1075 1603 1123 ad

195 1150 323 1198 aliud
358 1152 503 1215 Quam
539 1159 620 1209 ut,
654 1149 891 1213 adjunctis
933 1167 1095 1197 secum
1134 1149 1391 1214 Anglorum
1423 1149 1605 1197 viribus

197 1239 338 1293 atque
360 1228 521 1284 armis,
548 1237 629 1274 aut
652 1228 818 1274 saltem
843 1227 999 1275 ablata
1027 1228 1138 1275 duci
1163 1228 1444 1291 Burgundiae
1466 1238 1603 1275 caete-

197 1309 354 1370 risque
370 1342 382 1366 ,
415 1305 588 1370 quibus
618 1304 973 1365 inimicabatur,
1003 1307 1135 1353 omni
1159 1322 1243 1370 spe
1264 1323 1319 1352 ex
1344 1322 1492 1369 regno
1523 1306 1604 1353 illo

196 1382 370 1430 auxilia
397 1382 754 1445 consequendi,
787 1381 848 1428 de
876 1381 1057 1429 eisdem
1086 1399 1136 1429 se
1170 1382 1423 1441 ulciscens,
1449 1382 1511 1430 ab
1539 1382 1606 1429 eis

197 1476 379 1525 poenas,
408 1475 494 1524 pro
522 1459 657 1506 libito
673 1496 685 1516 ‚
710 1469 1004 1524 reposceret,
1031 1475 1210 1524 suaque
1233 1460 1294 1507 de
1323 1477 1492 1507 eorum
1519 1477 1608 1525 op-

197 1537 438 1601 pressione
461 1545 508 1583 et
530 1535 877 1583 calamitatibus
898 1537 1008 1584 odia
1031 1547 1336 1585 exsaturaret.
1360 1540 1457 1585 Nec
1480 1539 1607 1585 enim

198 1613 331 1660 facile
353 1613 458 1677 quis
478 1613 752 1671 aestimaret,
773 1622 953 1677 quanto
973 1613 1197 1662 adversus
1216 1615 1374 1680 ipsum
1394 1619 1607 1680 Burgun-

199 1691 398 1738 dionum
411 1691 582 1738 ducem
599 1691 833 1756 praecipue
847 1691 1168 1756 reliquosque,
1186 1693 1269 1756 qui
1286 1692 1440 1740 eidem
1462 1692 1607 1740 foede-

199 1769 286 1816 rati
309 1768 517 1829 fuerant,
543 1768 861 1816 inardesceret
883 1769 1014 1816 odio.
1040 1772 1242 1817 Tantum
1266 1771 1395 1817 enim
1416 1779 1610 1835 tamque

197 1845 421 1893 acerbum
449 1845 538 1892 sibi
572 1847 750 1904 inerat,
786 1856 838 1893 ut
870 1847 1001 1894 nulla
1034 1848 1106 1894 sui
1142 1847 1342 1895 honoris
1374 1849 1610 1913 periclita-

197 2036 248 2062 ne
264 2021 435 2062 donnera
453 2022 599 2062 ausditz
616 2023 775 2075 Anglois
791 2022 909 2074 aydes
930 2035 979 2061 en
997 2023 1101 2061 leurs
1120 2023 1311 2074 quei-elles
1330 2037 1429 2075 pour
1448 2024 1612 2063 envahir

199 2095 250 2121 ou
266 2081 541 2135 endommager
556 2095 655 2120 nous
674 2090 712 2120 et
731 2095 805 2120 noz
822 2082 967 2130 subjetz
988 2095 1037 2121 en
1056 2091 1186 2121 nostre
1204 2083 1419 2134 royanlme,
1440 2097 1490 2122 ne
1507 2084 1612 2123 aussi

199 2153 272 2179 noz
291 2154 385 2193 pays
410 2154 460 2179 ou
486 2143 708 2192 royaulme,
732 2150 770 2178 et
791 2154 842 2180 ne
868 2141 1030 2180 baillera
1057 2141 1194 2180 faveur
1217 2142 1266 2180 de
1294 2156 1426 2194 passer
1452 2157 1524 2195 par
1552 2157 1612 2182 ses

201 2213 295 2251 pays
308 2213 408 2252 pour
422 2213 649 2253 guerroyer,
666 2213 804 2253 grever
820 2214 871 2239 ou
889 2202 1001 2240 nuire
1019 2204 1041 2239 a
1059 2215 1173 2250 nous,
1190 2215 1263 2240 noz
1283 2214 1377 2254 pays
1396 2211 1433 2241 et
1448 2202 1610 2251 subjetz,

203 2272 251 2298 en
263 2273 411 2299 aucune
431 2261 617 2301 maniere.
642 2277 660 2295 »
679 2263 747 2307 Or,
762 2261 897 2312 depuis
912 2261 948 2300 le
967 2262 1077 2300 traite
1094 2262 1143 2300 de
1159 2264 1350 2309 Peronne,
1368 2262 1405 2301 le
1424 2263 1498 2301 duc
1511 2263 1614 2302 avait

202 2322 392 2359 contracte
411 2321 579 2359 d’autres
597 2320 778 2358 alliances
802 2321 888 2372 plus
907 2321 1062 2360 etroites
1079 2335 1174 2361 avec
1191 2323 1228 2361 le
1246 2323 1305 2361 roi
1324 2323 1610 2376 d'Angleterre,

204 2378 305 2416 avait
327 2381 479 2431 accepte
503 2380 553 2418 de
578 2379 634 2417 lui
653 2379 796 2417 l’ordre
820 2380 869 2417 de
890 2379 928 2418 la
945 2381 1172 2430 Jarretiere,
1198 2382 1299 2419 avait
1320 2382 1481 2434 prescrit
1507 2385 1529 2420 a
1553 2395 1613 2420 ses

205 2450 298 2489 gens
313 2446 351 2477 et
367 2441 390 2476 a
411 2452 471 2478 ses
488 2439 629 2478 soldats
647 2438 696 2477 de
716 2447 847 2490 porter
862 2441 900 2477 la
921 2440 1031 2478 croix
1049 2454 1184 2493 rouge,
1205 2441 1312 2493 signe
1332 2441 1380 2480 de
1399 2442 1615 2480 ralliement

205 2496 272 2535 des
289 2497 456 2549 Anglais.
476 2498 593 2537 Louis
614 2502 686 2546 XI,
707 2498 909 2537 articulant
925 2512 988 2537 ces
1007 2500 1092 2539 faits
1110 2514 1187 2538 aux
1207 2501 1302 2540 etats
1321 2501 1369 2540 de
1386 2504 1522 2549 Tours,
1546 2509 1614 2552 put

206 2555 305 2593 donc
325 2557 518 2605 conclure,
542 2571 635 2596 avec
654 2567 758 2596 toute
776 2571 991 2610 apparence
1013 2559 1062 2598 de
1080 2560 1225 2608 raison,
1246 2564 1366 2611 qu‘on
1383 2574 1432 2599 ne
1450 2561 1507 2598 lui
1527 2573 1615 2612 gar-

206 2614 286 2652 dait
302 2627 368 2665 pas
384 2614 421 2652 la
438 2615 489 2653 foi
505 2617 672 2667 promise
684 2630 754 2668 par
767 2617 803 2654 le
818 2617 927 2655 traite
944 2618 1120 2670 (Lenglet
1136 2620 1368 2671 Dustesnoy,
1389 2623 1612 2666 commines,

207 2681 232 2710 t.
255 2675 331 2718 ΠΙ,
352 2687 390 2724 p.
413 2676 492 2721 77).
519 2674 551 2712 ΙΙ
572 2688 622 2712 ne
642 2675 764 2713 savait
782 2689 850 2727 pas
868 2684 963 2715 tout.
992 2680 1064 2716 Les
1087 2678 1311 2717 documents
1334 2679 1480 2730 anglais
1499 2677 1614 2715 reve-

207 2734 286 2771 lent
303 2746 399 2784 que,
422 2733 516 2772 dans
536 2734 590 2773 les
608 2735 780 2774 derniers
794 2735 903 2784 jours
923 2736 970 2775 de
989 2739 1114 2786 1469,
1137 2730 1320 2776 Edouard
1339 2741 1390 2776 IV
1408 2735 1615 2776 concertait

207 2805 260 2830 un
275 2792 366 2843 plan
382 2791 639 2844 d'expedition
655 2807 703 2831 en
718 2796 863 2833 France
875 2808 968 2833 avec
988 2795 1133 2848 l’appui
1146 2797 1200 2835 du
1214 2797 1289 2835 duc
1301 2796 1349 2835 de
1365 2799 1609 2848 Bourgogne.

207 2850 391 2902 Lingard,
415 2853 579 2888 Histoire
597 2854 867 2903 d’Angleterre‚
887 2863 916 2892 t.
937 2857 990 2904 11,
1010 2869 1045 2893 c.
1065 2869 1120 2893 ιι.
