2054 3470
665 383 809 419 LIBER
844 382 1115 420 SECUNDUS.
1522 383 1599 420 209

190 474 393 522 sectione
415 471 476 520 ad
498 470 751 529 Leodium,
780 468 855 515 vel
880 467 941 514 de
966 483 1083 532 pace
1106 484 1192 532 per
1216 483 1328 513 eum
1350 484 1462 515 cum
1485 485 1605 532 prae-

190 550 286 598 fato
308 549 429 597 duce
450 548 712 611 composita
734 561 1006 592 sermonem
1030 541 1247 608 aliquem
1271 545 1425 591 facere
1458 547 1604 594 aude-

191 637 280 687 ret,
293 637 338 675 et
350 627 444 673 hoc
455 624 544 673 sub
557 640 755 671 censura
772 624 938 687 gravi¹.
953 622 1046 668 Sed
1060 638 1310 669 censuram
1326 622 1604 686 hujusmodi

191 704 363 752 silentii
387 700 750 766 quomodolibet
777 699 1036 757 addixerit,
1060 699 1245 762 linguas
1265 709 1425 747 tamen
1447 700 1603 748 homi-

192 798 308 829 num
338 797 436 827 non
467 781 533 826 ita
557 778 798 825 devincire
829 778 1007 842 potuit,
1038 777 1154 840 quin
1178 777 1240 824 ab
1264 779 1330 824 eis
1355 778 1606 827 maledicta

194 859 294 906 sine
319 872 519 904 numero
549 865 836 920 reportaret,
872 856 1117 921 potissime
1146 865 1343 920 propter
1368 857 1606 904 excidium

194 935 324 983 urbis
357 935 626 982 Leodiensis
660 943 706 980 et
738 933 931 980 illorum
962 932 1266 993 Eburonum,
1304 933 1387 997 qui
1419 935 1608 998 regibus

193 1017 485 1061 Francorum
503 1012 703 1058 devotos
726 1028 914 1077 semper
933 1027 982 1058 se
1001 1020 1047 1057 et
1062 1010 1375 1074 obsequiosos
1394 1012 1609 1077 profiteri

193 1089 423 1139 solebant.
451 1089 588 1135 Unde
610 1099 792 1152 quanto
815 1089 937 1153 pluS,
961 1105 1021 1135 ne
1042 1088 1102 1135 de
1121 1088 1216 1135 hoc
1235 1105 1479 1137 sermones
1500 1108 1611 1138 con-

193 1178 430 1223 sererent,
471 1177 608 1214 erant
644 1166 900 1231 prohibiti,
937 1175 1070 1213 tanto
1102 1166 1433 1214 vehementius
1467 1178 1610 1233 atque

193 1245 486 1310 frequentius
508 1243 620 1290 inde
647 1244 695 1290 in
722 1242 885 1290 abdito
908 1242 1251 1306 loquebantur,
1282 1254 1328 1290 et
1350 1245 1412 1291 de
1437 1256 1610 1310 pacto-

145 1315 147 1317 ·
194 1339 303 1370 rum
322 1339 433 1370 cum
454 1320 848 1383 Burgundionum
869 1320 990 1367 duce
1009 1320 1304 1384 turpitudine
1325 1331 1370 1368 et
1387 1323 1582 1370 infamia
1597 1360 1607 1378 ,

196 1411 243 1448 et
266 1400 327 1447 de
349 1400 439 1446 illis
466 1398 685 1464 praeclare
708 1398 836 1463 apud
862 1398 1092 1445 Leodium
1119 1415 1148 1445 a
1177 1415 1227 1445 se
1256 1400 1415 1461 gestis,
1451 1401 1533 1447 ubi
1564 1413 1611 1449 et

196 1478 384 1541 signum
417 1477 570 1523 crucis
599 1477 759 1522 Sancti
789 1475 983 1522 Andreae
1007 1477 1056 1521 in
1082 1475 1179 1522 suis
1203 1477 1493 1525 vestimentis
1519 1486 1611 1544 pu'-

195 1554 319 1602 blice
335 1562 623 1618 portaverat,
643 1563 691 1598 et
708 1561 936 1615 tanquam
955 1551 1288 1616 stipendiarius
1310 1553 1458 1617 ipsius
1477 1555 1613 1603 ducis

198 1631 592 1694 Burgundionum
609 1631 749 1676 foret:
767 1631 877 1675 Vive
887 1631 1239 1694 Bourgoz‘ngne!
1250 1631 1607 1681 acclamaverat.

263 1711 373 1756 Sese
405 1719 590 1767 tamen,
616 1717 725 1773 post
753 1706 1083 1770 hujuscemodi
1115 1707 1182 1753 sic
1211 1707 1485 1756 solemniter
1515 1726 1543 1757 a
1565 1729 1614 1759 se

198 1786 337 1844 facta,
364 1785 601 1832 continuit
618 1786 666 1830 in
690 1800 806 1849 pace
826 1800 912 1848 per
933 1783 1114 1847 aliquot
1137 1800 1338 1830 menses.
1367 1788 1419 1831 In
1443 1787 1616 1849 quibus

197 1865 297 1928 ipse
343 1862 735 1926 Burgundionum
784 1861 881 1907 dux
924 1861 986 1908 de
1029 1863 1336 1926 compactatis
1376 1865 1613 1913 solemnes

197 1950 340 2005 atque
365 1940 661 1988 authenticas
688 1939 887 1995 litteras,
917 1948 963 1984 et
987 1954 1151 1985 earum
1173 1938 1545 2003 publicationem
1569 1955 1615 1991 et

197 2017 596 2083 approbationem
631 2018 680 2063 in
714 2018 846 2063 curia
884 2016 1165 2081 parlamenti
1204 2019 1496 2080 parisiensis,
1536 2039 1618 2070 ca-

199 2111 329 2161 mera
350 2104 689 2160 computorum
706 2104 752 2140 et
769 2093 882 2140 alibi
906 2093 1196 2157 ubicumque
1221 2107 1550 2160 opportunum
1570 2110 1617 2147 et

201 2172 454 2237 expediens
476 2173 635 2219 visum
659 2171 701 2217 ei
728 2170 836 2231 suit,
866 2170 1040 2217 confici
1066 2180 1207 2235 atque
1230 2173 1444 2238 expediri
1467 2175 1612 2225 fecit².

256 2295 294 2337 s.
329 2315 346 2332 ι
366 2301 420 2337 Le
436 2295 657 2348 samedy19
670 2296 898 2341 novembre,
917 2297 975 2334 fut
992 2297 1070 2334 crie
1087 2306 1124 2336 et
1137 2298 1268 2349 public
1286 2300 1307 2336 a
1322 2311 1392 2336 son
1407 2299 1455 2338 de
1469 2310 1619 2355 trompe

203 2367 242 2396 et
255 2371 322 2410 cry
339 2357 484 2409 public,
505 2370 576 2408 par
592 2356 645 2394 les
661 2356 878 2394 carrefours
898 2356 945 2394 de
958 2357 1079 2402 Paris,
1100 2357 1193 2395 ledit
1208 2358 1345 2396 accord
1361 2367 1400 2396 et
1416 2362 1535 2399 union
1553 2363 1620 2402 fait

203 2425 309 2455 entre
322 2419 358 2454 le
372 2430 442 2467 roy
458 2424 496 2454 et
514 2415 661 2453 mondit
679 2416 859 2466 seigneur
876 2414 923 2452 de
939 2418 1188 2468 Bourgogne;
1211 2425 1250 2454 et
1267 2430 1359 2468 que,
1376 2431 1478 2469 pour
1491 2422 1620 2461 raison

205 2475 258 2513 du
275 2483 395 2526 temps
416 2474 524 2526 passe
536 2505 546 2522 ,
570 2487 762 2525 personne
780 2474 915 2511 vivant
931 2487 980 2511 ne
1001 2474 1101 2512 feust
1119 2476 1151 2512 si
1170 2476 1235 2513 ose
1255 2490 1306 2514 ou
1326 2477 1450 2529 hardy
1469 2480 1517 2518 de
1537 2482 1620 2520 rien

204 2534 287 2572 dire
308 2535 330 2571 a
346 2533 565 2584 l'opprobre
589 2533 699 2570 dudit
724 2533 917 2586 seigneur,
941 2535 1040 2572 feust
1058 2533 1107 2572 de
1128 2534 1300 2583 bouche,
1322 2550 1373 2575 ou
1396 2551 1467 2589 par
1486 2542 1616 2590 escrit,

205 2593 347 2645 signes,
363 2593 572 2644 paintures‚
589 2592 819 2641 rondeaulx,
834 2592 1020 2642 ballades,
1039 2594 1187 2632 libelles
1201 2595 1490 2646 diffamatoires‚
1507 2601 1620 2639 chan-

205 2665 294 2691 sons
322 2651 370 2689 de
396 2659 499 2702 geste
525 2664 574 2689 ne
599 2659 832 2698 autrement,
859 2665 907 2690 en
937 2653 1105 2703 quelque
1132 2654 1303 2692 maniere
1333 2669 1409 2706 que
1437 2671 1481 2696 ce
1511 2669 1622 2710 peust

206 2721 327 2758 estre3
345 2720 382 2749 et
400 2724 476 2761 que
492 2711 603 2749 ceulx
625 2712 691 2762 qui
707 2713 874 2750 seroient
889 2721 1048 2751 trouvez
1068 2714 1178 2751 avoir
1199 2714 1287 2752 faict
1304 2729 1355 2753 ou
1369 2718 1448 2754 este
1464 2730 1513 2754 au
1530 2732 1622 2757 con-

206 2772 321 2810 traire
338 2771 506 2809 feussent
524 2770 760 2822 grievemeut
779 2773 919 2824 pugniz
931 2803 941 2821 ,
964 2773 1060 2811 ainsi
1077 2786 1153 2824 que
1166 2774 1251 2824 plus
1266 2776 1286 2811 a
1305 2775 1409 2825 plain
1426 2775 1539 2814 ledict
1554 2791 1622 2828 cry

205 2831 413 2870 contenoit.
434 2848 450 2862 ι·
473 2830 614 2869 Chron.
637 2831 788 2878 scand.‚
809 2834 864 2868 ad
878 2846 969 2869 ann.
990 2835 1104 2871 1468.

260 2894 301 2929 2.
331 2894 404 2929 Les
422 2897 523 2927 actes
541 2889 690 2927 dresses
707 2892 728 2926 a
747 2891 922 2928 Peronne
942 2891 1069 2929 surent
1088 2890 1317 2942 enregistres
1337 2904 1387 2928 au
1407 2892 1624 2932 Parlement

422 2974 459 2998 11
1361 2963 1411 2999 14
