2054 3470
426 293 476 329 60
788 292 1127 331 HISTORIARUM
1154 294 1393 332 LUDOVICI
1420 296 1477 332 XI

423 380 620 443 tarent),
650 389 701 445 ut
722 381 845 427 intra
868 380 1007 427 unius
1027 379 1157 427 horae
1181 382 1388 446 spatium
1410 384 1640 447 superatis
1664 386 1832 433 moeni-

422 453 511 502 bus
555 466 601 503 et
644 456 791 516 vallo,
836 457 1060 504 districtiS
1105 457 1273 521 gladiis
1315 468 1360 505 et
1399 459 1732 522 mucronibus,
1774 461 1834 509 de

422 532 780 580 contumeliosis
801 550 856 581 ac
882 533 1228 599 provocacibus
1257 535 1490 600 supplicia
1517 538 1831 601 sumpserint,

422 609 645 657 omnibus
668 611 778 658 viris
801 611 883 675 qui
908 611 956 657 in
981 610 1163 675 oppido
1186 621 1320 658 erant
1345 613 1474 659 caesis
1498 623 1580 660 aut
1601 613 1662 661 ab
1684 614 1833 663 hosti·

422 686 511 734 bus
528 688 695 752 captis,
715 697 858 753 atque
873 704 1041 735 eorum
1059 688 1285 748 domibus
1301 699 1348 737 et
1364 691 1625 740 substantia
1641 710 1834 758 prorsus

425 764 635 830 direptis.

485 843 630 900 Quod
654 860 765 890 cum
791 859 960 890 eorum
982 843 1124 890 vicini
1147 842 1207 890 de
1231 845 1394 892 Sereto
1417 846 1634 894 castello¹
1654 864 1833 912 cogno-

421 921 620 978 vissent,
656 930 726 982 et,
762 920 885 967 duce
921 920 1122 968 militum
1154 920 1404 968 Gallorum
1435 933 1622 970 vetante
1654 941 1715 971 ne
1744 925 1834 990 ipsi

420 987 560 1045 suum
578 997 910 1045 suburbanum
924 1035 935 1057 ‚
964 998 1012 1044 in
1036 1014 1134 1062 quo
1157 998 1267 1045 satis
1293 997 1493 1047 honesta
1516 1010 1651 1047 erant
1670 1000 1833 1066 hospi-

419 1079 505 1138 tia,
531 1079 867 1139 incenderent,
898 1088 1065 1125 contra
1096 1079 1293 1126 vetitum
1321 1080 1410 1144 ipsi
1437 1097 1493 1127 ea
1524 1080 1834 1128 nihilominus

420 1164 804 1201 concremassent
830 1155 1075 1220 (putantes
1101 1171 1148 1201 se
1171 1172 1311 1202 suum
1330 1156 1562 1221 oppidum
1586 1173 1725 1222 posse
1748 1174 1835 1222 per

420 1230 516 1278 hoc
539 1231 846 1295 defendere),
873 1231 1234 1279 advenientibus
1258 1232 1509 1291 militibus,
1538 1232 1658 1280 adeo
1681 1243 1832 1281 exter-

419 1309 494 1355 riti
525 1318 635 1355 sunt
663 1308 842 1367 effecti,
871 1318 921 1355 ut
954 1308 1013 1355 de
1042 1309 1356 1373 repugnando
1383 1309 1602 1357 hostibus
1638 1309 1834 1358 minime

420 1385 521 1431 ausi
553 1385 646 1430 sint
676 1385 899 1447 cogitare.
935 1384 1096 1444 Unde,
1136 1402 1196 1431 ne
1227 1385 1413 1432 cladem
1444 1386 1609 1432 vicinis
1643 1387 1739 1433 suis
1773 1387 1834 1434 de

420 1461 605 1508 Volone
640 1461 841 1508 similem
875 1461 1109 1521 subirent,
1149 1461 1275 1522 illico
1310 1461 1404 1509 loci
1434 1463 1507 1509 sui
1539 1463 1834 1512 deditionem

420 1538 589 1598 fecere,
607 1555 635 1585 a
657 1538 778 1585 duce
798 1539 1002 1586 militum
1021 1541 1070 1586 in
1089 1550 1294 1603 quatuor
1313 1540 1520 1588 millibus
1538 1541 1833 1590 florenorum

419 1616 649 1675 mulctati,
678 1633 766 1681 pro
790 1634 848 1664 eo
872 1617 1023 1681 quod,
1049 1627 1218 1665 contra
1245 1618 1345 1681 ejus
1370 1617 1693 1681 interdictum,
1719 1620 1834 1668 sub-

419 1693 601 1741 urbana
616 1710 703 1741 sua
717 1704 894 1741 temere
910 1704 957 1741 et
975 1694 1075 1741 sine
1091 1695 1252 1758 aliquo
1273 1695 1427 1743 fructu
1442 1695 1828 1744 combussissent.

483 1773 537 1816 In
556 1771 866 1835 Ampuritano
885 1781 1047 1817 autem
1068 1772 1285 1818 similiter
1304 1772 1467 1818 omnia
1488 1788 1621 1836 paene
1644 1774 1831 1821 castella

419 1847 493 1894 vel
527 1849 571 1894 vi
600 1848 676 1895 vel
710 1849 952 1895 deditione
988 1859 1297 1913 receperunt,
1323 1849 1389 1895 sic
1411 1849 1544 1913 quod
1573 1859 1698 1896 terra
1726 1850 1828 1910 illa,

417 1941 522 1988 quae
543 1925 688 1989 paulo
707 1935 818 1972 ante
842 1925 979 1973 valde
1002 1925 1133 1972 dives
1155 1935 1200 1972 et
1223 1926 1447 1990 opulenta
1470 1925 1638 1988 fuerat,
1660 1944 1832 1992 magna

360 2046 363 2049 ,
417 2020 475 2050 ex
500 2013 634 2067 parte
657 2003 732 2050 vel
761 2004 889 2050 caesis
916 2004 989 2050 vel
1019 2003 1280 2068 profligatis
1307 2003 1512 2063 colonis,
1544 2005 1593 2051 in
1621 2005 1830 2070 praedam

417 2089 464 2127 et
483 2079 800 2145 direptionem
826 2079 1043 2126 hostibus
1062 2080 1224 2139 cessit3
1253 2097 1372 2144 quos
1393 2090 1504 2127 ante
1527 2090 1658 2129 tanta
1675 2092 1834 2142 tenue-

415 2165 487 2203 rat
508 2155 730 2220 superbia
755 2166 804 2203 ut
822 2157 1069 2204 Gallorum
1090 2156 1414 2204 desiderarent
1435 2157 1712 2219 adventum,
1732 2176 1830 2224 quo

416 2233 477 2281 de
499 2234 611 2298 ipsis
632 2244 810 2299 tropaea
832 2236 1085 2300 concupita
1108 2244 1422 2299 reportarent.

483 2311 698 2359 Liberata
719 2312 877 2376 igitur,
903 2322 956 2359 ut
977 2312 1199 2371 diximus,
1228 2314 1407 2376 regina,
1435 2314 1660 2362 omnibus
1682 2314 1830 2363 ferme

416 2388 616 2435 castellis
641 2389 938 2454 Ampuritani
962 2390 1162 2454 receptis
1193 2399 1239 2436 et
1266 2390 1354 2437 sub
1384 2391 1503 2454 regis
1532 2391 1605 2438 sui
1629 2391 1831 2440 redactis

415 2474 699 2529 potestatem
717 2500 729 2523 ,
769 2465 925 2528 junxit
969 2482 1018 2511 se
1056 2465 1304 2512 Gallorum
1347 2468 1573 2514 exercitui
1611 2484 1691 2515 rex
1730 2468 1830 2533 ipse

417 2546 707 2608 Aragonum,
730 2542 873 2590 simul
891 2544 1056 2608 etipsa
1073 2537 1252 2608 regina,
1276 2544 1447 2609 quibus
1466 2544 1588 2592 Galli
1605 2546 1697 2610 ipsi
1715 2555 1829 2593 tunc

417 2620 705 2677 militabant,
737 2619 821 2667 sed
844 2637 954 2667 cum
981 2637 1127 2685 parva
1152 2622 1355 2669 nimium
1379 2637 1543 2669 manu.
1570 2624 1675 2670 Non
1699 2623 1827 2670 enim

476 2795 494 2832 1
505 2823 514 2831 .
545 2795 599 2833 Le
617 2792 778 2833 chateau
795 2793 844 2833 de
859 2794 986 2834 Ceret.
