2054 3470
339 352 388 387 76
697 352 1037 389 HISTORIARUM
1065 352 1300 391 LUDOVICI
1326 355 1383 391 xl

337 439 474 503 regis,
499 456 670 503 magna
693 432 750 486 ex
775 450 908 505 parte
932 439 1129 489 fundata
1151 451 1197 489 et
1218 442 1381 490 dotata
1409 462 1420 490 :
1442 444 1617 508 quibus
1637 446 1744 510 jura

337 531 444 577 sua,
470 516 557 563 sub
589 517 811 581 praedicta
844 534 1044 565 censura
1076 518 1432 567 confiscationis
1459 523 1675 587 corporis
1698 532 1744 570 et

336 591 600 653 bonorum,
627 595 707 641 tali
730 594 885 642 edicto
909 594 1064 642 ablata
1086 606 1212 643 sunt.

793 800 1133 845 CAPITULUM
1165 801 1307 846 XXII.

334 932 386 966 De
402 933 477 967 aliis
490 932 632 968 duobus
647 934 776 980 iniquis
790 933 925 976 edictis,
941 943 975 969 et
991 933 1036 968 de
1054 934 1139 968 novi
1155 935 1332 982 vectigalis
1346 935 1443 983 apud
1455 937 1743 972 Pontem-Archa

901 986 1177 1024 introductione.

400 1104 539 1152 Aliu'd
563 1115 722 1152 autem
746 1105 955 1153 edictum
982 1107 1124 1154 etiam
1149 1123 1203 1155 ex
1228 1107 1443 1170 ejusdem
1463 1107 1585 1171 regis
1603 1108 1743 1172 juris-

332 1183 583 1246 prudentia
630 1193 676 1230 et
719 1184 769 1231 in
810 1187 965 1231 Deum
1003 1185 1175 1249 pietate
1220 1185 1474 1231 emanavit.
1519 1185 1743 1250 Praecepit

331 1260 461 1306 enim
482 1259 707 1307 omnibus
729 1260 1030 1308 ecclesiarum
1053 1261 1253 1327 praelatis
1275 1261 1420 1308 totius
1442 1263 1591 1326 regni,
1616 1263 1743 1327 capi-

333 1337 536 1402 tulisque
576 1348 622 1386 et
652 1338 996 1386 cathedralium
1038 1349 1085 1386 et
1125 1337 1479 1403 collegiatarum
1515 1355 1745 1402 quarum-2

332 1431 538 1479 cumque
555 1415 860 1463 ecclesiarum
876 1417 1135 1476 canonicis,
1150 1416 1454 1464 ecclesiarum
1477 1416 1742 1464 rectoribus

331 1501 377 1538 et
413 1508 578 1538 earum
611 1493 940 1540 matriculariis
976 1510 1056 1540 seu
1097 1492 1418 1551 thesaurariis,
1454 1493 1743 1558 cappellanis

331 1568 661 1632 hospitalium,
686 1569 1021 1635 leprosiarum,
1048 1580 1095 1617 et
1117 1586 1530 1634 quorumcumque
1550 1570 1740 1635 piorum

332 1655 377 1692 et
399 1644 729 1709 religiosorum
749 1647 1211 1695 administratoribus
1229 1648 1465 1706 locorum,
1487 1657 1738 1711 quatenus,

330 1722 454 1769 infra
475 1733 657 1771 certum
681 1726 937 1772 terminum
963 1724 1233 1790 praefixum,
1256 1724 1522 1772 senescallis
1544 1733 1592 1771 et
1612 1723 1743 1771 balli-

331 1800 417 1858 vis,
443 1800 565 1848 infra
586 1818 795 1865 quorum
817 1802 1168 1849 territoriorum
1190 1802 1361 1848 limites
1383 1801 1542 1848 situati
1564 1800 1736 1857 forent,

331 1875 727 1925 denuntiamenta
758 1895 843 1940 seu
875 1878 1218 1925 declarationes
1253 1876 1496 1923 traderent
1522 1877 1738 1923 omnium

332 1961 565 2000 terrarum
592 1965 638 2000 et
665 1955 978 2019 praediorum,
1012 1970 1242 2001 censuum
1273 1963 1414 2017 atque
1441 1952 1736 2012 reddituum,

331 2046 453 2092 quos
470 2029 705 2077 haberent
721 2041 766 2078 et
784 2032 1098 2096 perciperent,
1121 2047 1269 2094 usque
1285 2031 1425 2076 etiam
1442 2029 1504 2076 ad
1521 2030 1741 2077 minimas

332 2115 378 2152 et
400 2106 736 2155 minutissimas
752 2118 930 2172 partes;
951 2117 998 2154 et
1015 2125 1042 2155 a
1066 2125 1164 2173 quo
1182 2117 1399 2172 tempore
1426 2116 1473 2153 et
1491 2107 1740 2172 quomodo

332 2182 607 2244 hujusmodi
636 2185 731 2231 suis
761 2185 992 2245 ecclesiis,
1024 2195 1106 2231 aut
1126 2184 1392 2243 beneficiis,
1419 2183 1493 2230 vel
1515 2183 1741 2231 domibus

331 2259 559 2322 acquisita
589 2261 806 2322 fuissent;
842 2262 1153 2327 exprimendo
1182 2279 1324 2327 super
1352 2262 1525 2326 quibus
1554 2262 1741 2326 praediis

332 2335 604 2399 hujusmodi
622 2355 789 2385 census
800 2340 875 2386 vel
888 2339 1102 2386 redditus
1117 2340 1359 2387 constituti
1375 2339 1554 2396 forent3
1573 2337 1740 2385 eadem

333 2415 475 2462 etiam
497 2416 673 2480 praedia
694 2434 780 2481 per
796 2417 1009 2464 confines
1027 2434 1165 2481 agros
1188 2416 1482 2480 designando
1500 2426 1642 2479 atque
1664 2416 1741 2463 de-

333 2494 576 2541 clarando.
604 2495 652 2541 Si
676 2496 759 2558 qui
781 2505 940 2542 autem
962 2504 1115 2542 essent
1140 2495 1222 2559 qui
1245 2494 1637 2555 denuptiamenta
1656 2509 1739 2540 sua

333 2589 416 2618 seu
430 2571 774 2620 declarationes
789 2573 909 2620 infra
925 2573 1168 2638 praefixum
1187 2573 1482 2633 terminum¹,
1500 2571 1588 2618 sub
1602 2572 1741 2619 dictis

335 2649 481 2696 modo
511 2659 557 2696 et
579 2650 755 2708 forma,
781 2651 978 2697 minime
1007 2650 1272 2707 traderent,
1299 2647 1558 2696 mandabat
1579 2649 1741 2696 omnia

390 2790 427 2825 1.
459 2790 510 2826 Ce
540 2796 660 2826 terme
687 2788 778 2826 etait
806 2788 898 2825 d’un
929 2800 990 2825 an.
1028 2789 1291 2824 ordonnances
1316 2788 1382 2823 cles
1407 2790 1483 2823 rois
1506 2788 1555 2823 de
1580 2788 1737 2833 From-e,

335 2855 361 2884 t.
385 2850 489 2893 xvl,
510 2861 549 2899 p.
572 2849 637 2886 45.
