2054 3470
435 327 513 364 260
803 324 1146 363 HISTORIARUM
1173 324 1410 362 LUDOVICI
1435 326 1493 362 XI

436 415 706 479 conscripta
729 414 839 475 sint,
861 413 1018 461 adhuc
1035 423 1194 460 tamen
1212 412 1462 472 nonnulla,
1489 412 1550 460 ad
1568 430 1663 460 suae
1682 431 1847 463 cumu-

435 491 537 539 lum
563 490 845 538 infelicitatis
867 490 1244 554 agnoscendum,
1269 490 1570 538 annectenda
1591 501 1718 553 sunt,
1744 508 1848 557 quae

435 569 705 634 superiores
735 568 894 615 forsan
926 569 1279 633 praeteritasque
1305 568 1405 632 ejus
1429 568 1717 616 calamitates
1739 569 1845 616 vin-

435 663 542 694 cere
561 656 608 694 et
629 663 853 712 superare
875 645 1143 694 videantur.

499 727 605 771 Non
635 725 766 771 enim
788 723 888 770 haec
919 723 1065 787 ipsius
1085 723 1246 770 denuo
1281 723 1448 770 iterata
1469 723 1715 788 captivitas
1740 722 1848 770 finis

432 803 475 850 ei
510 803 810 850 miseriarum
848 802 961 861 fuit,
1004 801 1089 848 sed
1127 801 1363 865 majorum
1407 801 1565 866 potius
1598 800 1846 865 quoddam

431 879 559 928 velut
603 878 869 926 recidivum
912 877 1181 924 exordium.
1233 880 1351 924 Nam
1397 894 1508 923 cum
1546 877 1849 924 intellexisset

432 973 594 1004 comes
628 956 688 1003 de
723 960 790 1002 W
789 954 946 1002 arvich
969 971 1079 1001 cum
1110 954 1207 1001 suis
1230 953 1505 1000 Edoardum
1530 970 1693 1001 versus
1721 956 1848 1000 Lon-

432 1033 601 1081 donias
630 1033 918 1098 profectum,
946 1048 1141 1098 sperans
1176 1032 1225 1078 in
1254 1048 1311 1079 ea
1343 1031 1479 1093 urbe,
1505 1042 1610 1078 tum
1636 1032 1845 1091 Henrici,

431 1106 535 1160 tum
565 1113 638 1159 sui
673 1112 1079 1176 contemplatione
1115 1110 1300 1157 favores
1334 1111 1568 1157 maximos
1603 1110 1846 1168 invenire,

431 1206 702 1252 arcemque,
717 1204 821 1252 quae
841 1188 1109 1234 firmissima
1123 1187 1216 1234 illic
1228 1188 1420 1243 exstitit,
1446 1204 1536 1252 pro
1559 1204 1728 1234 eorum
1742 1203 1847 1252 par-

431 1266 556 1315 tibus
581 1266 738 1313 adhuc
771 1276 958 1326 tenere,
987 1281 1223 1330 posseque
1250 1265 1299 1311 in
1335 1281 1390 1311 ea
1422 1263 1540 1311 urbe
1574 1264 1848 1311 Edoardum

429 1345 756 1411 improvidum
798 1353 941 1407 atque
978 1343 1267 1408 imparatum
1294 1342 1423 1406 vulgi
1464 1341 1625 1389 favore
1659 1342 1851 1389 interci-

430 1440 545 1488 pere
583 1440 667 1470 seu
693 1421 955 1482 debellare,
984 1421 1045 1468 de
1083 1419 1429 1467 Conventrensi
1464 1419 1652 1466 civitate
1687 1419 1850 1485 copias

431 1501 611 1561 eduxit,
641 1509 688 1547 et
710 1516 873 1546 versus
891 1498 1022 1546 illam
1046 1498 1303 1545 maximam
1326 1496 1497 1544 urbem
1526 1497 1706 1560 regiam
1729 1513 1850 1544 con-

429 1578 525 1641 cito
552 1594 714 1642 gressu
736 1577 938 1640 trajecit.
965 1575 1059 1623 Sed
1084 1574 1385 1635 Edoardum,
1413 1574 1511 1620 suis
1543 1573 1741 1621 solerter
1771 1591 1851 1622 ex—

432 1655 693 1704 cubantem
727 1653 965 1720 periculis,
1001 1653 1304 1719 propositum
1327 1650 1606 1715 hujusmodi
1628 1667 1849 1698 suorum-

431 1750 526 1798 que
549 1733 762 1780 hostium
786 1731 981 1778 minime
1006 1731 1246 1778 latuerunt
1281 1729 1530 1776 molimina
1563 1737 1706 1792 atque
1738 1729 1870 1792 insi-¹

433 1809 535 1856 diae.
589 1809 767 1856 Videns
811 1808 940 1854 enim
981 1807 1081 1870 jam
1123 1806 1508 1871 appropinquare
1543 1804 1705 1852 hostes
1739 1819 1851 1851 cum

432 1887 639 1934 exercitu
666 1885 842 1942 valido,
873 1885 974 1949 qui,
1011 1884 1225 1948 ipsismet
1247 1882 1461 1943 testibus,
1490 1883 1682 1946 triginta
1704 1882 1852 1931 millia

435 1973 730 2011 armatorum
755 1978 1012 2009 numerum
1036 1960 1267 2017 faciebat,
1303 1958 1572 2024 impavidus
1596 1969 1739 2024 atque
1767 1960 1853 2006 im-

435 2042 738 2106 perterritus,
776 2039 958 2087 eductis
990 2038 1052 2084 ad
1079 2038 1231 2102 ipsam
1262 2038 1439 2100 regiam
1470 2037 1621 2102 copiis
1650 2038 1768 2098 suis,
1802 2039 1851 2085 in

437 2134 728 2183 camposque
758 2117 950 2165 obviam
979 2116 1047 2162 eis
1069 2116 1327 2180 profectuS,
1357 2115 1419 2162 ad
1444 2115 1613 2163 decem
1636 2115 1853 2163 milliaria

438 2196 607 2262 procul
625 2195 685 2243 ab
708 2194 829 2242 urbe
853 2204 1005 2241 castra
1025 2193 1239 2240 locavit¹.

500 2277 612 2321 Erat
646 2272 896 2321 sabbatum
937 2279 1154 2318 sanctum
1190 2270 1239 2316 in
1272 2269 1431 2334 vigilia
1472 2269 1688 2331 Paschae,
1733 2270 1852 2319 dum

436 2351 711 2398 Londonias
743 2350 915 2409 exivit,
962 2358 1008 2395 et
1039 2357 1140 2396 tota
1170 2357 1313 2395 nocte
1344 2364 1456 2394 cum
1487 2349 1694 2395 exercitu
1726 2349 1854 2413 equi-

436 2431 568 2490 tavit,
594 2446 695 2477 xm.
731 2428 810 2475 die
832 2427 1008 2474 mensis
1028 2425 1255 2491 praedicti,
1281 2425 1457 2472 scilicet
1478 2425 1662 2490 aprilis;
1692 2435 1739 2472 et
1762 2426 1852 2473 uti-

437 2525 531 2573 que
562 2507 814 2556 sabbatum
846 2504 1128 2570 praedictum
1161 2513 1207 2550 et
1244 2512 1462 2551 sanctum
1500 2502 1688 2550 Paschae
1723 2502 1852 2555 diem
1886 2516 1917 2546 20·-

438 2583 998 2650 sequentemquefestive
1034 2582 1082 2627 in
1111 2580 1229 2628 urbe
1265 2590 1311 2627 et
1334 2580 1495 2644 quiete
1525 2580 1750 2628 libentius
1776 2588 1852 2628 ὀε-
1902 2574 1904 2577 ’

438 2663 681 2721 lebrasset,
704 2661 773 2707 uti
795 2667 1127 2725 proposuerat,
1163 2657 1203 2704 si
1225 2673 1326 2703 non
1350 2656 1733 2704 adversariorum
1761 2655 1852 2704 sibi

491 2822 508 2857 1
520 2849 529 2857 .
560 2822 594 2856 Α
615 2822 766 2856 Bai-net.
