2054 3470
704 339 851 376 LIBER
886 338 1102 376 TERTIUS.
1529 341 1606 378 227

209 434 256 472 et
287 425 653 485 circumeundo,
693 426 755 472 ad
786 424 970 474 diversa
998 427 1183 487 littora,
1219 435 1319 473 tam
1363 427 1609 475 Britanniae

209 520 352 568 quam
387 503 545 551 Galliae
561 540 573 564 ‚
591 536 595 539 -
613 503 757 567 ipsius
785 513 941 550 rector
971 503 1387 565 circumduxisset,
1413 520 1503 551 nec
1520 521 1609 568 pro

210 590 324 628 voto
345 581 565 628 adversus
586 580 701 627 dicti
719 585 789 628 W
787 581 946 628 arvz'clz
964 581 1160 628 classem
1178 581 1440 645 quidquam
1459 581 1611 629 facere

211 659 461 722 potuisset,
501 674 606 722 quae
641 659 691 704 in
720 658 838 705 locis
863 659 1064 704 nimium
1094 658 1399 705 communitis
1420 674 1609 723 perma-

212 734 375 796 nebat,
413 751 688 800 quanquam
706 736 754 782 in
788 751 897 782 eum
919 735 1181 800 irrumpere
1206 735 1445 782 multoties
1467 744 1614 782 atten-

211 800 378 874 tasset,
411 813 509 876 jam
543 823 773 878 pioesente
802 813 981 860 hieme¹
1004 822 1050 860 et
1071 813 1290 878 procellis
1321 822 1462 877 atque
1491 822 1611 859 tem-

212 889 467 955 pestatibus
503 892 664 938 saevire
686 892 970 953 inchoante,
996 891 1058 939 ad
1079 892 1297 956 propria,
1326 891 1511 939 nullum
1532 900 1613 940 aut

214 967 459 1022 modicum
480 979 729 1034 reportans
749 969 953 1017 fructum
966 1005 979 1030 ,
1004 970 1244 1018 remeavit.

686 1204 1026 1250 CAPITULUM
1065 1205 1142 1250 111.

276 1334 328 1368 De
344 1332 472 1368 foedere
486 1346 651 1382 percusso
674 1336 767 1370 inter
781 1336 998 1372 Francorum
1014 1348 1131 1383 regem
1146 1344 1180 1370 et
1192 1335 1389 1384 principem
1403 1335 1547 1373 Wauiae
1556 1364 1565 1380 ,

502 1387 504 1389 ¹
611 1389 810 1424 interventu
831 1390 970 1425 comitis
984 1389 1028 1424 de
1048 1391 1214 1425 Warvich.

281 1511 386 1556 Non
409 1518 567 1555 autem
591 1508 822 1556 feriabant
842 1512 1136 1557 Francorum
1166 1526 1249 1556 rex
1277 1519 1324 1557 et
1355 1526 1468 1556 suus
1496 1509 1621 1557 fidus

218 1585 330 1648 (sed
366 1585 589 1633 omnibus
624 1586 862 1653 perfidus)
904 1587 1153 1646 bVarviclz,
1189 1587 1306 1651 quin
1343 1596 1623 1652 apparatum
1672 1616 1677 1622 «

217 1679 410 1710 omnem
437 1663 644 1710 facerent
664 1674 716 1710 ut
736 1664 865 1710 idem
887 1664 1109 1710 Warviclc
1124 1699 1135 1721 ‚
1159 1664 1208 1710 in
1233 1664 1446 1728 Angliam
1470 1674 1623 1712 trans-

214 1749 398 1799 vectus,
428 1740 704 1787 Edoardum
733 1757 893 1804 regem
920 1757 1067 1806 regno
1091 1741 1346 1789 deturbare
1370 1751 1511 1806 atque
1538 1758 1623 1789 ex·-

215 1816 390 1881 pellere
421 1826 601 1882 posset,
635 1817 709 1864 vel
740 1818 830 1865 sub
860 1834 996 1864 suam
1027 1818 1261 1882 redigere,
1295 1818 1356 1865 ad
1387 1835 1436 1865 se
1468 1818 1528 1866 de
1562 1836 1632 1866 eo⁴

219 1896 559 1955 ulciscendum,
583 1905 879 1960 potestatem.
906 1896 1121 1944 Habebat
1139 1898 1238 1962 ipse
1259 1897 1418 1962 plures
1437 1898 1620 1963 miopa·

215 1989 356 2021 rones
378 1990 462 2020 seu
487 1973 762 2035 dromoneS,
790 1991 929 2037 quos,
954 1974 1013 2021 ad
1036 1973 1381 2039 explorandum
1406 1991 1622 2022 rumores

216 2051 381 2116 populi
427 2051 666 2114 Anglicani
715 2051 1148 2116 pelliciendumque
1192 2051 1255 2098 ad
1300 2062 1458 2117 partes
1509 2068 1622 2099 suos

218 2126 395 2176 amicos
418 2129 749 2194 plurimorum,
776 2129 1023 2193 srequens'
1046 2128 1283 2188 mittebat,
1311 2138 1455 2193 atque
1478 2130 1621 2177 etiam

218 2205 420 2252 vicissim
443 2205 504 2252 ad
529 2222 578 2252 se
599 2206 842 2252 venientes
865 2206 925 2252 de
951 2206 1113 2270 Anglia
1133 2205 1389 2270 recipiebat
1414 2225 1425 2253 z
1449 2206 1624 2271 quibus

219 2281 397 2330 artibus
417 2283 506 2329 iter
527 2281 616 2328 sibi
639 2281 782 2328 veluti
805 2282 1043 2346 pervium,
1072 2281 1133 2328 ad
1156 2292 1354 2329 conatus
1377 2299 1489 2330 suos
1517 2300 1625 2349 per-

222 2357 470 2418 ficiendos,
497 2369 725 2407 sterneret
749 2369 891 2423 atque
917 2370 1213 2424 praepararet.
1247 2361 1339 2408 Sed
1369 2371 1624 2425 antequam

222 2450 249 2480 e
273 2433 508 2484 littoribus
533 2440 826 2484 Francorum
851 2437 970 2501 regis
994 2436 1156 2484 funem
1179 2437 1405 2500 solveret,
1431 2439 1627 2486 classive

278 2591 317 2628 1.
346 2592 401 2627 La
423 2590 526 2629 flotte
546 2590 600 2629 du
620 2591 695 2630 duc
718 2591 766 2629 de
787 2594 1036 2644 Bourgogne,
1062 2593 1178 2630 sortie
1196 2593 1244 2631 de
1262 2587 1426 2632 l'Ecluse
1446 2594 1482 2632 le
1504 2597 1526 2632 8
1544 2594 1629 2642 juin

226 2649 350 2694 1470,
381 2651 487 2686 n’eut
515 2651 536 2686 a
564 2651 703 2700 operer
730 2663 807 2700 que
835 2651 1019 2702 jusqu’au
1050 2653 1100 2690 13
1132 2651 1369 2704 septembre,
1397 2653 1486 2691 date
1514 2653 1562 2690 de
1594 2653 1631 2690 la

226 2707 377 2745 rentree
405 2708 454 2745 de
479 2710 666 2747 Warwick
692 2722 741 2748 en
767 2711 1008 2762 Angleterre.
1041 2713 1101 2749 On
1131 2712 1223 2750 etait
1251 2711 1351 2750 donc
1378 2725 1517 2750 encore
1542 2711 1631 2748 bien

224 2766 306 2804 loin
326 2766 376 2804 de
392 2766 544 2806 l’hiver.

281 2826 319 2862 2.
352 2826 531 2878 Corrigez
554 2829 750 2877 adportes
767 2842 855 2867 suas
872 2834 1010 2867 amicos
1019 2833 1222 2879 plurimos,
1243 2831 1470 2879 frequenter.
