2054 3470
426 371 502 409 116
706 412 710 416 ,
784 371 1127 409 HISTORIARUM
1154 371 1390 408 LUDOVICI
1417 371 1475 407 XI

424 457 730 512 exercitibus,
783 474 840 504 ex
891 459 1130 505 Britannia
1178 458 1274 505 dux
1324 459 1596 519 Britonum,
1657 458 1839 508 habens

423 534 671 596 Carolum,
703 551 984 598 germanum
1010 535 1160 598 regis,
1198 552 1309 582 cum
1340 535 1514 582 comite
1538 537 1751 583 Dunensi
1787 537 1837 583 in

423 629 511 660 suo
532 612 788 673 comitatu;
813 621 860 658 et
879 612 1090 659 similiter
1114 612 1339 659 dominus
1362 611 1560 659 Carolus
1577 611 1638 660 de
1659 612 1839 660 Charo-

425 681 512 736 loz's
540 690 647 753 qui,
684 690 961 737 transmisso
993 690 1190 737 flumine
1219 691 1371 737 Isarae¹
1390 727 1401 748 ,
1442 706 1595 755 prope
1635 691 1840 738 Parisios

422 766 483 813 ad
522 767 1071 831 Sanctum-Dionysium
1108 768 1237 815 venit
1280 785 1390 815 cum
1433 770 1608 816 comite
1654 771 1835 818 Sancti-

424 843 592 903 Pauli’,
617 843 701 890 ubi
728 844 1030 908 operiebatur
1053 845 1312 892 exercitum
1332 845 1391 892 de
1414 846 1689 910 Burgundia
1709 863 1836 911 qua-

420 918 782 985 dringentarum
820 921 897 969 vel
931 922 1133 987 amplius
1171 922 1474 983 lancearum,
1515 941 1659 989 quem
1691 925 1753 972 ad
1786 942 1837 973 se

420 997 694 1045 ducendum
742 1000 1043 1047 marescallus
1085 1000 1395 1063 Burgundiae⁸
1433 1012 1694 1067 receperat.
1740 1002 1835 1050 Sed

420 1075 617 1123 minime
638 1076 733 1123 hoc
757 1076 970 1142 perfecit.

485 1154 625 1201 Initio
649 1163 806 1202 autem
830 1154 959 1201 idem
981 1155 1202 1214 Carolus,
1230 1170 1391 1201 comes
1412 1154 1473 1202 de
1498 1155 1759 1216 Cha‘rolois,
1785 1174 1835 1204 se

418 1230 671 1295 pacificum
692 1232 854 1278 venire
871 1241 1113 1278 ostentans
1125 1269 1139 1291 ‚
1163 1241 1207 1279 et
1226 1248 1326 1278 non
1343 1231 1570 1280 hostilem
1595 1234 1657 1281 ad
1673 1251 1835 1298 regem

417 1324 585 1355 suasve
615 1319 763 1356 terras
801 1309 1014 1356 animum
1050 1326 1238 1372 gerere,
1261 1311 1524 1357 necessaria
1559 1310 1836 1375 persolvens

417 1403 506 1438 suo
528 1387 753 1434 exercitui
772 1387 1018 1443 victualia,
1045 1386 1165 1433 nihil
1192 1386 1460 1452 praedarum
1482 1387 1556 1435 vel
1586 1387 1836 1435 incendio·

417 1480 526 1510 rum
551 1463 650 1510 fieri
683 1463 1004 1528 permittebat.
1034 1463 1178 1522 Quod
1215 1474 1262 1511 et
1297 1464 1663 1529 quodammodo
1699 1467 1836 1513 simi-

417 1541 521 1587 liter
561 1541 736 1589 ducem
780 1542 1026 1589 Britonum
1078 1541 1231 1589 facere
1295 1542 1550 1590 ferebatur.
1605 1543 1837 1609 Sperabat

417 1619 569 1680 enim,
603 1628 657 1665 ut
683 1619 915 1677 diximus,
949 1619 1050 1665 sine
1087 1619 1315 1672 conflictu
1352 1629 1398 1666 et
1434 1619 1562 1667 bello
1593 1637 1751 1684 regem
1786 1638 1841 1669 se

416 1712 556 1760 posse
591 1695 852 1757 adducere,
891 1706 942 1743 ut
981 1698 1400 1760 congregationem
1434 1696 1698 1744 solemnem
1729 1699 1835 1745 Sta-

418 1781 551 1819 tuum
571 1774 703 1837 regni
730 1774 912 1821 Parisiis
938 1773 1220 1833 celebraret,
1247 1775 1296 1820 in
1321 1790 1415 1838 qua
1433 1775 1724 1837 conveniens
1740 1775 1837 1822 lan-

416 1850 646 1913 guoribus
672 1851 816 1898 totius
841 1852 975 1914 regni
1004 1851 1188 1898 medela
1217 1851 1526 1916 praeberetur,
1553 1861 1600 1898 et
1633 1853 1830 1911 Carolo,

415 1943 504 1974 suo
539 1929 682 1974 unico
712 1945 963 1992 germano,
993 1938 1270 1992 competens
1303 1937 1511 1992 paternae
1546 1927 1834 1976 haereditatis

415 2004 576 2069 portio
593 2005 925 2067 assignaretur.
949 2008 1206 2069 Propterea
1225 2005 1575 2067 regnicolarum
1597 2014 1643 2052 et
1663 2006 1835 2071 populi

416 2082 579 2142 totius,
607 2083 880 2129 Parisiensis
903 2082 1125 2141 maxime,
1146 2082 1331 2129 favores
1353 2091 1544 2147 captare
1569 2083 1829 2142 nitebatur,

414 2174 502 2217 ne,
527 2175 661 2205 secus
679 2175 735 2206 ac
759 2159 914 2206 verbis
936 2159 1260 2224 praetendebat
1286 2196 1297 2219 ,
1326 2159 1477 2207 facere
1499 2159 1760 2208 videretur.

479 2237 696 2284 Tentavit
728 2246 887 2283 autem
931 2237 1131 2284 suadere
1175 2238 1461 2286 Parisienses
1502 2238 1630 2286 idem
1667 2256 1829 2300 comes

415 2322 468 2360 ut
501 2329 551 2360 se
587 2311 783 2378 pacifice
820 2315 868 2360 in
906 2313 1074 2360 urbem
1109 2315 1402 2380 reciperent,
1442 2315 1724 2380 promittens
1766 2316 1830 2364 ab

470 2454 506 2489 1.
538 2451 572 2486 A
592 2451 707 2487 Pont·
712 2449 818 2488 Saint
844 2453 1045 2499 Maxence,
1065 2450 1103 2488 le
1119 2451 1199 2489 30·
1184 2450 1286 2499 juin.

439 2510 507 2546 .2.
538 2508 653 2546 Louis
671 2508 720 2547 de
737 2508 1027 2562 Luxembourg,
1051 2517 1175 2548 comte
1194 2510 1243 2548 de
1262 2509 1476 2549 Saint—Pol.

468 2568 506 2605 3
535 2565 713 2604 Thibaud
729 2567 777 2605 de
785 2567 974 2606 Neuschat
975 2569 1026 2617 el,
1047 2569 1228 2621 seigneur
1244 2569 1292 2607 de
1308 2568 1498 2607 Blamont.
1515 2569 1545 2607 Il
1564 2569 1621 2608 fut
1636 2569 1764 2622 oblige
1779 2571 1828 2610 de

410 2620 506 2665 faire
524 2639 579 2664 un
593 2625 761 2664 detour'
746 2639 840 2664 enor
844 2640 918 2675 me,
937 2640 1051 2679 parce
1066 2641 1142 2679 que
1158 2628 1194 2666 le
1211 2627 1347 2666 batard
1361 2627 1410 2666 de
1422 2628 1621 2667 Vendome
1635 2629 1691 2668 lui
1707 2630 1828 2670 ferma

411 2685 449 2724 la
471 2685 657 2724 frontieie
672 2685 721 2724 de
734 2686 980 2739 champagne
994 2700 1066 2738 par
1077 2687 1244 2738 laquelle
1259 2688 1287 2726 il
1300 2687 1403 2725 avait
1421 2689 1598 2727 concerte
1611 2701 1682 2726 son
1696 2690 1828 2729 enti-ee

411 2758 461 2783 en
479 2748 637 2784 France.
652 2745 684 2783 Il
703 2744 759 2782 lui
774 2745 883 2783 fallut
898 2754 1093 2784 remonter
1106 2747 1235 2797 jusqu'
1240 2759 1290 2785 en
1304 2749 1532 2799 Bourgogne
1546 2759 1646 2799 pour
1660 2747 1828 2787 rabattre
1850 2742 1852 2744 ¹

409 2820 483 2858 par
499 2810 687 2846 Auxerre.
707 2807 818 2845 Piece
834 2805 888 2844 du
905 2807 1028 2845 tresor
1043 2806 1112 2846 des
1130 2807 1296 2857 chartes‚
1313 2809 1350 2846 J.
1374 2808 1467 2854 950,
1485 2807 1582 2846 citee
1598 2821 1670 2860 par
1688 2811 1741 2847 Μ.
1755 2809 1827 2848 Mi-

410 2866 556 2915 chelet,
578 2868 746 2905 Histoire
763 2868 811 2904 de
833 2864 992 2917 Friznce,
1017 2875 1043 2907 t.
1069 2869 1135 2915 VI,
1155 2881 1195 2919 p.
1219 2869 1311 2907 1¹1.
