2054 3470
441 300 491 335 64
801 300 1143 338 HISTORIARUM
1169 301 1405 339 LUDOVICI
1431 302 1489 339 XI

439 388 522 450 qui
559 388 697 445 intus¹
728 403 833 435 eam
869 392 1003 435 erant
1040 388 1287 435 Gallorum
1327 389 1497 436 milites
1533 391 1848 456 nonnullique

437 464 678 520 Catalani‚
725 466 809 529 qui
849 482 937 513 suo
979 466 1076 528 regi
1112 482 1298 531 semper
1332 466 1478 513 fidem
1516 479 1843 529 servaverant,

437 557 611 604 magna
638 543 684 589 vi
714 542 1043 607 industriaque
1070 553 1212 606 atque
1242 541 1481 607 vigilantia
1509 540 1843 607 desensabant,

437 618 560 666 aedes
599 620 770 667 multas
806 621 1008 681 civium,
1041 637 1146 684 quae
1177 621 1429 668 viciniores
1461 622 1558 668 arci
1588 632 1747 684 erant,
1786 625 1847 670 si-

437 695 626 743 milibus
676 696 915 744 bellorum
967 696 1200 744 machinis
1247 697 1488 745 diruentes
1534 708 1675 763 atque
1722 699 1848 748 infe-

435 783 627 821 stantes.

500 853 622 898 Cum
645 861 803 898 autem
826 851 885 898 de
908 867 1103 898 suorum
1122 851 1454 914 hujuscemodi
1474 852 1688 916 periculo
1707 856 1742 899 F
1743 869 1849 900 ran-

436 945 605 975 corum
627 945 710 975 rex
733 929 907 975 certior
935 928 1084 975 factus
1109 928 1291 989 fuisset,
1316 929 1455 975 certis
1477 945 1533 975 ex
1556 946 1652 976 suae
1674 930 1848 978 militiae

436 1005 639 1053 ducibus
662 1005 905 1052 mandavit
927 1015 1160 1069 quatenus
1179 1021 1384 1070 propere
1405 1005 1467 1052 ad
1489 1005 1738 1054 ferendum
1760 1007 1847 1054 ob·

440 1084 576 1131 sessis
596 1083 762 1130 solatia
785 1092 1102 1130 occurrerent.
1126 1083 1214 1128 Cui
1235 1092 1471 1148 praecepto
1492 1083 1773 1131 obedienter
1793 1101 1849 1132 ac

436 1161 601 1209 sedulo
638 1161 1049 1224 obtemperantes,
1087 1159 1147 1206 ad
1178 1159 1560 1206 Narbonensium
1588 1160 1707 1208 fines
1733 1178 1847 1209 con-

435 1240 532 1286 cito
557 1238 706 1302 gradu
730 1237 1032 1285 advolarunt.
1060 1240 1187 1284 lnter
1207 1253 1329 1300 quos
1356 1238 1623 1302 praecipuus
1650 1248 1697 1284 et
1717 1240 1850 1303 prin-

436 1315 601 1380 cipalis
626 1315 777 1362 adfuit
803 1314 897 1361 dux
923 1314 1270 1372 NemorsensiS,
1297 1330 1457 1360 comes
1479 1313 1698 1361 Marchiae
1720 1325 1768 1362 et
1789 1315 1851 1363 de

441 1394 656 1441 Castris¹.
698 1391 962 1461 Exploratis
994 1392 1135 1454 igitur
1173 1407 1259 1456 per
1294 1391 1478 1453 aliquos
1512 1407 1729 1438 cursores
1756 1391 1850 1439 ho-

441 1472 584 1518 stium
607 1471 794 1530 castris,
824 1470 873 1515 in
898 1468 1071 1532 quibus
1092 1485 1200 1515 cum
1227 1467 1461 1515 Catalanis
1483 1477 1531 1515 et
1551 1467 1646 1514 loci
1668 1468 1851 1517 civibus

437 1559 572 1596 erant
606 1558 653 1595 et
681 1563 782 1595 esse
810 1546 1084 1594 serebantur
1111 1554 1319 1609 quatuor
1349 1553 1430 1591 aut
1461 1545 1673 1608 quinque
1706 1544 1851 1592 millia

435 1626 853 1692 stipendiariorum
884 1641 942 1671 ex
968 1639 1115 1687 regno
1148 1621 1383 1679 Castellae,
1421 1638 1478 1668 ex
1509 1621 1706 1669 diversis
1736 1622 1851 1669 locis

435 1705 558 1752 Galli
602 1704 662 1752 ad
705 1703 978 1751 condictam
1017 1701 1189 1748 horam
1236 1700 1285 1746 in
1330 1716 1482 1747 unum
1526 1700 1711 1747 collecti
1729 1738 1742 1761 ,
1788 1701 1850 1748 ad

434 1782 647 1829 hostium
682 1790 835 1828 castra
871 1779 1069 1843 propius
1102 1793 1152 1823 se
1186 1776 1518 1823 admoverunt.
1553 1780 1670 1833 Quae
1701 1785 1850 1823 noctu

436 1859 666 1923 aggressi,
699 1857 895 1903 viriliter
919 1864 1062 1918 atque
1088 1853 1302 1900 animose
1324 1868 1595 1917 expugnare
1618 1862 1845 1917 pergunt,

438 1946 486 1982 et
503 1934 660 1998 jacula
679 1944 821 1998 atque
841 1931 1032 1978 missilia
1054 1930 1101 1976 in
1123 1929 1283 1975 hostes
1302 1929 1543 1991 jacientes,
1566 1938 1612 1975 et
1631 1929 1851 1975 cominus

436 2014 579 2060 etiarn
606 2012 760 2059 contis
785 2020 831 2057 et
856 2007 1077 2055 districtis
1099 2006 1264 2069 gladiis
1278 2007 1409 2053 ‘viam
1444 2006 1532 2052 sibi
1558 2006 1844 2070 aperientes,

435 2091 612 2150 hostes,
639 2089 721 2152 qui
741 2103 769 2133 a
790 2087 902 2133 soris
920 2101 1077 2132 arcem
1096 2082 1349 2147 cingebant
1367 2093 1413 2130 et
1433 2082 1686 2143 hastiliam,
1705 2099 1849 2146 quam

435 2167 574 2215 valde
602 2165 834 2212 munitam
858 2179 967 2209 cum
991 2177 1164 2224 magno
1194 2176 1361 2224 aggere
1383 2159 1477 2207 illic
1501 2169 1845 2218 exstruxerant,

437 2244 707 2302 servabant,
734 2242 894 2305 sugam
918 2240 1126 2303 arripere
1150 2246 1423 2301 coegerunt.
1450 2240 1667 2294 Quorum
1689 2234 1849 2299 plures

437 2320 672 2388 perempti
706 2319 897 2365 fuerunt
923 2326 1021 2363 tam
1057 2314 1118 2361 ab
1150 2314 1240 2361 illis
1271 2314 1355 2377 qui
1385 2321 1757 2377 supervenerant
1786 2311 1849 2359 ad

436 2413 713 2448 succursum
740 2394 943 2442 obsessis
966 2391 1238 2451 ferendum,
1265 2406 1409 2454 quam
1430 2391 1572 2436 etiam
1595 2388 1655 2436 ab
1678 2388 1745 2434 eis
1767 2389 1849 2452 qui

437 2479 485 2525 in
518 2491 626 2523 arce
654 2473 834 2521 obsessi
865 2471 1074 2529 fuerant;
1109 2469 1212 2532 qui,
1248 2467 1364 2514 dum
1391 2466 1500 2513 talia
1521 2482 1610 2530 pro
1635 2481 1684 2511 se
1708 2481 1849 2528 gere-

437 2563 620 2614 rentur,
645 2567 744 2598 non
770 2547 1048 2614 torpebant,
1078 2546 1161 2592 sed
1184 2561 1274 2609 pro
1297 2559 1379 2591 sua
1404 2543 1552 2590 salute
1576 2558 1675 2589 non
1699 2542 1844 2607 pigri,

438 2631 611 2697 quibus
637 2636 858 2695 poterant
879 2624 1058 2685 modis,
1089 2638 1177 2688 pro
1208 2620 1435 2668 molestiis
1461 2630 1604 2684 atque
1629 2616 1849 2684 periculis

491 2756 528 2791 1.
557 2753 579 2789 J
581 2761 721 2801 aeques
739 2747 999 2797 d’Armagnac
1012 2772 1023 2791 ,
1044 2741 1119 2780 duc
1134 2740 1183 2779 de
1200 2743 1410 2787 Nemours,
1429 2747 1554 2777 comte
1572 2737 1621 2776 de
1638 2736 1676 2775 la
1692 2735 1847 2774 Marche

435 2820 473 2851 et
491 2811 540 2850 de
558 2812 718 2851 Castu-es.
