2054 3470
767 313 911 377 {ABER
943 312 1168 359 QUmTUs.
1593 312 1670 349 417

715 481 1054 527 CAPITULUM
1086 482 1208 527 XIII.

267 611 382 654 Quam
396 609 484 644 varii
498 621 656 643 rumores
670 617 744 643 tum
762 608 807 643 de
824 617 956 654 morte,
972 617 1049 644 tum
1073 608 1118 643 de
1137 608 1208 643 vita
1227 607 1327 642 ducis
1346 608 1558 654 Burgundiae
1577 611 1672 645 exie*

367 671 471 705 runt;
491 669 524 696 et
538 662 685 708 qualiter
700 661 863 700 ultimum
880 670 1041 697 mortuns
1056 662 1194 709 agnitus
1208 668 1259 696 est
1277 669 1311 696 et
1323 662 1477 708 sepultus
1492 662 1571 701 fuit.

334 787 422 830 Per
435 782 610 830 multos
624 792 782 830 autem
802 782 902 829 dies
917 783 1150 830 incertum
1166 782 1310 829 etiam
1325 781 1451 846 apud
1471 781 1674 829 victores

267 859 530 910 habebatur
546 858 608 906 de
622 859 744 906 duce
763 858 1061 922 Burgundiae,
1083 859 1359 924 captivusne
1377 857 1548 906 ductus
1565 857 1675 906 fuis-

266 945 352 997 set,
378 935 452 984 vel
475 952 560 1001 per
578 935 738 999 fugam
760 935 970 1001 elapsus;
996 952 1107 982 nam
1131 936 1255 982 inter
1277 935 1460 982 occisos
1481 936 1676 983 minime

255 1012 628 1075 agnoscebatur.
653 1015 709 1058 Et
727 1029 838 1059 cum
857 1011 917 1059 de
935 1011 1031 1059 hoc
1052 1012 1208 1059 varius
1227 1010 1367 1058 valde
1389 1026 1445 1058 ac
1464 1011 1676 1059 diversus

268 1088 392 1154 apud
413 1089 644 1154 plurimos
660 1105 827 1136 rumor
842 1098 1156 1154 percurreret,
1178 1104 1278 1134 non
1299 1087 1496 1135 deerant
1510 1105 1677 1152 quam-

268 1167 425 1232 plures
447 1184 502 1214 ex
523 1166 597 1214 his
616 1167 721 1230 qui,
753 1183 842 1214 nec
865 1167 975 1213 visis
998 1166 1196 1213 fortasse
1219 1164 1458 1226 hostibus,
1484 1166 1679 1229 aufuge-

267 1253 391 1302 rant,
407 1243 483 1291 vel
497 1242 558 1290 ab
575 1242 789 1290 hostibus
802 1242 1005 1306 spoliati,
1024 1252 1253 1306 tanquam
1264 1241 1435 1304 abjecti
1451 1251 1499 1288 et
1511 1242 1679 1307 inopes

267 1319 330 1368 ab
360 1319 539 1367 eisdem
568 1319 714 1366 relicti
745 1319 954 1377 fuerant,
985 1319 1068 1382 qui
1097 1335 1215 1364 eum
1236 1327 1497 1365 assererent
1524 1317 1680 1365 adhuc

267 1397 440 1444 vivere.
475 1396 701 1444 Nonnulli
733 1395 992 1460 siquidem,
1026 1394 1302 1442 vulneribus
1335 1394 1541 1459 acceptis
1570 1411 1677 1442 sau-

268 1475 416 1531 cium,
448 1474 510 1522 ad
533 1473 779 1539 quoddam
805 1489 916 1521 eum
943 1482 1150 1521 castrum
1179 1471 1350 1534 fugisse
1382 1470 1676 1531 asserebant,

270 1550 349 1598 ubi
374 1567 402 1598 a
423 1551 633 1614 quodam
655 1549 743 1596 sibi
768 1550 923 1596 amico
948 1549 1168 1596 clanculo
1194 1547 1469 1609 curabatur,
1497 1548 1676 1607 donec,

270 1626 532 1674 resolidatis
570 1625 848 1673 vulneribus
864 1661 877 1685 ,
919 1624 1162 1688 equitandi
1198 1625 1322 1672 vires
1357 1635 1675 1688 recuperaret.

272 1703 472 1751 Aiebant
492 1703 570 1750 alii
589 1703 649 1750 ab
668 1703 828 1767 aliquo
845 1705 1194 1750 Germanorum
1215 1718 1469 1765 procerum
1488 1711 1678 1766 captum

269 1790 604 1843 servatumque
626 1780 784 1839 fuisse,
810 1788 857 1825 et
878 1779 1119 1843 captivum
1142 1778 1307 1841 ignoto
1330 1778 1380 1824 in
1402 1778 1511 1825 loco
1530 1795 1679 1826 asser·
1728 1812 1735 1826 .

270 1857 387 1905 vari.
413 1857 497 1904 Alii
516 1857 685 1920 fugisse
704 1870 813 1903 eum
833 1856 881 1902 in
907 1854 1246 1918 Burgundiam,
1271 1854 1348 1902 vel
1365 1855 1416 1901 in
1434 1856 1679 1903 Franciam

271 1948 320 1985 se
351 1933 582 1997 recepisse
624 1942 685 1979 et·=
707 1931 967 1979 occuluisse
1008 1930 1268 1994 jactabant.
1307 1933 1362 1977 ln
1399 1940 1679 1996 tantumque

270 2009 470 2056 vesaniae
494 2019 540 2056 et
562 2008 763 2056 stultitiae
786 2007 981 2072 quidam
1003 2007 1162 2054 miseri
1182 2007 1417 2072 progressi
1440 2017 1572 2064 sunt,
1600 2018 1676 2070 ut,

270 2085 319 2132 in
345 2085 586 2132 nonnullis
614 2084 1063 2149 oppidis‘terrarum
1088 2100 1306 2145 suarum,
1346 2083 1455 2131 talia
1490 2083 1681 2148 publice

272 2179 436 2210 coram
464 2161 812 2225 magistratibus
836 2161 1055 2209 locorum
1084 2178 1292 2209 asserere
1320 2179 1422 2209 non
1459 2179 1678 2210 vereren-

273 2249 365 2298 tur,
400 2256 545 2303 seque
576 2239 718 2285 etiam
749 2247 795 2284 et
825 2238 970 2284 vitam
997 2254 1132 2285 suam
1168 2239 1434 2286 amissionis
1464 2240 1677 2303 periculo

272 2316 565 2374 submittere,
590 2315 673 2362 ubi
694 2330 794 2361 non
817 2315 882 2361 ita
896 2314 1015 2374 fore,
1042 2315 1110 2361 uti
1131 2315 1419 2375 asserebant,
1445 2316 1677 2380 recipere-

275 2406 366 2442 tur.
392 2396 479 2442 Alii
500 2404 661 2442 autem
681 2394 821 2440 etiam
840 2392 902 2440 ad
922 2392 1105 2441 diversa
1126 2393 1305 2458 oppida
1323 2403 1370 2440 et
1394 2393 1497 2441 loca
1517 2394 1677 2440 venie-

273 2472 406 2533 bant,
432 2473 515 2536 qui
534 2488 643 2519 eum
666 2471 790 2518 inter
812 2469 1026 2534 peditum
1047 2470 1445 2517 confertissimum
1466 2469 1678 2516 hostium

275 2565 480 2598 cuneum
503 2565 627 2612 equo
651 2546 789 2610 dejici
811 2562 860 2593 se
878 2545 1068 2606 vidisse,
1092 2556 1138 2592 et
1159 2563 1331 2593 caesum
1351 2547 1508 2611 potius
1533 2561 1676 2609 quam

275 2636 510 2674 servatum
544 2625 684 2671 fuisse
717 2640 766 2670 se
796 2625 1025 2670 aestimare
1042 2622 1344 2671 asserebant.
1378 2626 1435 2668 Et
1462 2623 1524 2669 ita
1552 2621 1677 2668 ultro

276 2704 490 2768 citroque
514 2701 827 2749 affirmatione
848 2717 923 2748 res
936 2700 1082 2748 dubia
1101 2718 1127 2748 a
1144 2701 1378 2765 plerisque
1393 2698 1675 2759 habebatur,

275 2798 361 2848 per
384 2783 542 2847 plures
564 2779 680 2839 dies,
708 2779 806 2826 imo
831 2795 1015 2826 menses
1038 2788 1083 2824 et
1104 2795 1255 2842 prope
1276 2794 1445 2824 annos.

488 2871 525 2894 11
1420 2856 1470 2891 27
