2054 3470
403 267 481 303 280
769 267 1109 305 HISTORIARUM
1136 268 1372 306 LUDOVICI
1398 270 1456 307 XI

404 365 601 420 propter
635 365 774 402 natos
806 355 906 418 jam
941 354 1065 402 duos
1098 354 1245 403 filios*
1268 356 1398 404 fratri
1434 374 1521 404 suo
1551 373 1601 404 se
1622 358 1812 406 frustra-

404 441 507 478 tum
528 432 802 496 inspiceret,
827 432 956 498 apud
979 449 1029 479 se
1052 433 1300 481 revolvens
1331 435 1465 499 quod
1497 451 1596 481 non
1629 451 1814 499 aequam

405 509 515 556 satis
547 508 851 578 partitionem
880 519 1022 574 atque
1051 511 1320 574 portionem
1352 522 1493 559 tantae
1531 511 1814 559 haereditatis

404 602 433 633 a
464 586 605 633 fratre
644 588 924 652 accepisset,
961 587 1128 634 dolore
1156 588 1438 636 intrinsecus
1467 599 1645 636 tactum
1675 589 1816 636 fuisse

405 674 453 711 et
488 664 766 729 poenitentia
803 663 1002 711 ductum
1020 667 1052 723 ¹,
1083 665 1213 728 quod
1247 682 1337 731 pro
1365 667 1471 730 jure
1502 667 1592 714 sibi
1624 682 1818 731 compe-

405 741 550 801 tenti,
577 742 662 805 qui
695 742 862 788 unicus
885 758 1136 804 germanus
1163 752 1210 788 ct
1237 743 1450 791 cohaeres
1474 744 1604 791 fratri
1627 761 1716 798 suo
1741 744 1819 790 ex‘-

405 821 601 878 stiterat,
621 831 719 868 tam
741 838 943 885 parvum
967 821 1085 885 quid
1106 824 1376 887 accepisset,
1396 823 1530 888 quod
1546 824 1624 870 vix
1638 833 1819 871 sextan-

407 908 503 947 tem
520 899 666 945 totius
688 899 861 946 faceret
881 898 1178 946 haereditatis.

473 975 551 1022 Ob
590 975 866 1039 hujusmodi
905 976 1047 1040 igitur
1085 992 1272 1037 causas,
1313 994 1396 1024 seu
1426 994 1591 1025 earum
1621 979 1817 1026 alteram

407 1063 490 1100 aut
525 1053 689 1114 aliam,
714 1071 818 1118 quae
840 1071 929 1100 nos
949 1054 1198 1118 hucusque
1222 1055 1366 1102 latere
1398 1056 1571 1119 potuit,
1592 1072 1621 1103 a
1643 1056 1818 1104 foedere

407 1131 540 1194 quod
586 1148 698 1177 cum
734 1147 842 1195 rege
880 1142 1173 1196 percusserat
1201 1142 1457 1196 postquam
1484 1132 1820 1192 discessisset⁸,

410 1208 543 1255 factis
565 1209 740 1272 treugis
762 1226 874 1255 cum
901 1209 1295 1272 Burgundionum
1317 1210 1438 1256 duce
1457 1220 1609 1256 stante
1627 1210 1677 1256 in
1695 1209 1822 1257 obsi-

409 1285 555 1332 dione
591 1295 700 1332 ante
733 1285 1044 1343 Ambianum,
1070 1287 1119 1332 in
1147 1297 1293 1334 terras
1322 1302 1441 1333 suas
1466 1287 1726 1350 Aquitaniae
1753 1302 1823 1333 re-

410 1362 582 1421 dierat,
617 1363 855 1428 initoque,
887 1374 939 1410 ut
967 1364 1195 1425 diximus,
1220 1364 1395 1411 foedere
1420 1365 1680 1411 arctissimo
1711 1381 1820 1412 cum

409 1439 611 1486 ducibus
633 1441 916 1504 Burgundiae
938 1451 1081 1507 atque
1098 1442 1367 1502 Britanniae,
1387 1442 1530 1488 etiam
1545 1441 1664 1488 alios
1681 1458 1824 1505 quos-

411 1535 645 1582 cumque,
674 1519 749 1565 vel
782 1518 1001 1565 subditos
1024 1507 1110 1565 *vel
1139 1518 1387 1577 finitimos,
1427 1519 1477 1564 in
1510 1518 1639 1565 idem
1670 1518 1823 1566 soedus

410 1594 646 1642 attrahere
669 1606 717 1642 et
746 1596 982 1643 advocare
1013 1595 1294 1642 conabatur.
1320 1596 1458 1642 Unde
1492 1596 1716 1643 comitem
1739 1598 1827 1642 Ar-

413 1672 605 1718 miniaci
625 1673 788 1736 (quem
812 1691 892 1720 rex
915 1674 1011 1720 suis
1035 1674 1167 1720 terris
1189 1683 1382 1720 exuerat
1402 1683 1544 1737 atque
1564 1672 1827 1720 nudaverat

413 1748 478 1795 ob
511 1748 717 1812 plurima
751 1767 838 1814 per
870 1767 981 1797 eum
1017 1758 1198 1815 patrata
1233 1749 1410 1797 scelera
1439 1759 1487 1796 et
1516 1750 1664 1814 impie
1697 1760 1827 1812 gesta

412 1835 555 1889 atque
595 1827 815 1873 secedere
858 1828 906 1873 in
942 1828 1202 1891 quemdam
1245 1836 1486 1887 montem,
1528 1843 1681 1892 prope
1711 1830 1825 1874 Ara-

414 1904 630 1966 goniam‚
656 1922 790 1969 paene
821 1905 1215 1952 inaccessibilem‘
1239 1905 1556 1967 compulerat)
1585 1904 1644 1951 ad
1679 1913 1827 1951 terras

467 2044 506 2082 1.
526 2040 643 2079 Louis
659 2042 716 2078 XI
731 2047 809 2084 eut,
831 2041 943 2091 apres
960 2041 995 2078 le
1014 2041 1186 2092 dauphin
1200 2042 1373 2089 Charles,
1390 2054 1444 2080 un
1462 2051 1573 2081 autre
1585 2042 1645 2080 fils
1664 2041 1718 2080 du
1735 2055 1826 2080 nom

413 2103 462 2141 de
480 2100 677 2150 Francois,
698 2099 765 2149 qui
791 2111 842 2136 ne
863 2099 975 2136 ve'cut
994 2100 1134 2151 guere3
1159 2100 1255 2139 mais
1274 2100 1310 2138 le
1333 2100 1406 2138 duc
1428 2101 1476 2138 de
1495 2101 1670 2139 Guienne
1691 2113 1741 2139 ne
1759 2109 1829 2153 put

412 2175 481 2215 pas
500 2160 537 2198 le
555 2156 767 2206 connaitre,
788 2171 853 2196 car
871 2158 898 2196 il
933 2160 1024 2197 etait
1052 2168 1154 2198 mort
1182 2160 1319 2211 depuis
1346 2161 1538 2212 plusieurs
1556 2161 1653 2200 mois
1671 2161 1828 2213 lorsque

412 2229 472 2259 cet
491 2219 625 2258 enfant
638 2218 722 2256 vint
736 2231 787 2256 au
808 2218 963 2258 monde.

467 2281 506 2320 2.
536 2277 729 2316 Omission
748 2276 796 2314 de
823 2278 993 2330 quelque
1012 2279 1128 2318 chose
1157 2293 1307 2319 comme
1340 2281 1497 2319 libenter
1524 2282 1746 2318 crediderim
1758 2296 1774 2328 ;
1798 2281 1826 2319 il

413 2340 495 2389 faut
524 2337 627 2376 alors
660 2336 833 2387 corriger
865 2340 1046 2374 revolvens
1074 2351 1145 2389 par
1176 2342 1415 2377 revolventem
1432 2369 1443 2386 ‚
1475 2339 1568 2377 dans
1595 2339 1633 2377 le
1654 2339 1827 2378 membre

415 2399 464 2438 de
487 2398 630 2450 phrase
648 2396 870 2447 precedent.

471 2461 509 2497 3.
539 2461 780 2496 Dis-cessisset
793 2466 993 2506 postquam
1012 2457 1107 2495 dans
1127 2458 1163 2496 le
1181 2470 1253 2496 ms.

469 2522 508 2557 4.
537 2519 600 2555 Un
615 2515 800 2554 memoire
817 2515 1031 2563 justificatis
1046 2516 1100 2555 du
1112 2526 1237 2555 comte
1252 2517 1522 2570 d’Armagnac,
1543 2518 1639 2557 dont
1650 2519 1828 2572 Legrand

415 2592 513 2616 nous
532 2591 555 2616 a
578 2576 762 2615 conserve
789 2576 825 2614 18
844 2584 946 2614 texte
966 2576 1061 2615 dans
1086 2590 1156 2615 son
1175 2577 1334 2615 Recueil
1354 2590 1420 2615 sur
1436 2578 1553 2616 Louis
1569 2581 1627 2617 XI
1644 2577 1757 2631 (mss.
1779 2579 1827 2618 de

415 2640 452 2677 la
471 2638 570 2678 Bibl.
587 2639 688 2690 imp.
709 2640 765 2675 ad
780 2651 870 2675 ann.
894 2640 1032 2684 1470),
1055 2646 1188 2677 atteste
1203 2652 1280 2689 que
1301 2641 1393 2676 c'est
1411 2641 1432 2676 a
1450 2638 1678 2677 Fontarabie
1693 2647 1732 2678 et
1749 2653 1827 2677 non

414 2705 480 2737 sur
512 2699 549 2736 la
572 2697 755 2736 frontiere
783 2697 978 2749 d’Aragon
999 2710 1075 2748 que
1097 2710 1139 2735 ce
1170 2710 1410 2748 personnage
1436 2710 1547 2748 passa
1572 2697 1607 2735 le
1638 2707 1760 2749 temps
1779 2698 1828 2736 de

415 2757 483 2796 son
501 2757 642 2797 second
661 2757 753 2804 exil,
778 2756 914 2809 depuis
932 2758 1035 2795 1469
1054 2756 1208 2809 jusqu’a
1228 2757 1265 2795 la
1283 2758 1335 2795 fin
1355 2756 1403 2795 de
1423 2759 1541 2797 1471.
