2054 3470
365 358 441 393 422
723 344 1063 397 nis‘romARUM
1089 361 1324 401 LUDovm1
1351 364 1406 401 xl
1479 349 1485 354 ’

364 462 532 510 pacem
553 445 792 508 habuisse,
816 445 999 495 tamdiu
1015 447 1294 503 duraturam
1315 462 1546 515 quantum
1563 454 1774 504 humana

365 522 641 570 instabilitas
679 539 785 570 eam
827 522 998 571 durare
1034 527 1348 590 permisisset,
1391 545 1536 593 quam
1578 530 1772 580 assiduis

364 599 500 647 bellis
521 615 620 647 sese
642 610 903 664 terrasque,
921 611 968 647 et
990 601 1208 651 subditos
1231 621 1345 652 suos
1368 615 1439 653 tot
1458 607 1772 656 anxietatibus

365 687 412 725 et
429 675 775 724 calamitatibus
797 677 1121 742 complevisse.

430 758 526 803 Nec
552 754 648 802 hoc
675 754 876 801 dicimus
902 765 953 802 ut
975 764 1072 802 tam
1097 757 1282 822 perfido
1308 769 1355 806 et
1376 759 1622 825 foedifrago
1646 761 1772 809 hosti

368 832 602 879 ullatenus
627 830 889 892 confidere,
922 842 1003 878 aut
1030 849 1129 880 sese
1161 834 1234 881 vel
1263 844 1438 883 statum
1459 854 1599 885 suum
1616 838 1771 885 eidem

365 909 558 957 credere
584 908 845 969 debuisset3
883 908 963 956 sed
997 910 1152 973 quod,
1185 927 1285 958 sese
1316 914 1555 962 munitum
1586 931 1773 980 semper

366 996 414 1033 et
436 986 683 1051 provisum
707 1001 922 1047 servans,
950 985 1131 1033 utendo
1160 996 1300 1051 atque
1325 990 1560 1053 potiundo
1586 1001 1771 1056 tempo-

367 1063 499 1110 rariae
529 1072 576 1110 et
607 1063 799 1109 incertae
822 1063 951 1128 pacis
980 1062 1137 1126 bono,
1172 1063 1313 1128 longe
1343 1067 1646 1130 paucioribus
1672 1085 1772 1116 sese

367 1156 570 1204 suasque
593 1149 739 1187 terras
766 1149 813 1186 et
837 1139 1053 1188 subditos
1076 1141 1211 1189 malis
1231 1143 1562 1207 implicuisset,
1585 1150 1768 1209 quam¹‚

367 1218 535 1281 spretis
567 1226 710 1280 atque
748 1217 972 1280 neglectis
1007 1218 1363 1266 conditionibus
1402 1222 1553 1285 pacis,
1591 1239 1691 1270 sese
1726 1233 1774 1270 et

369 1294 538 1340 milites
562 1309 691 1355 suos,
717 1302 813 1340 tam
848 1303 1006 1341 aestate
1037 1310 1183 1358 quam
1204 1294 1363 1343 hieme
1385 1307 1433 1344 et
1461 1299 1636 1363 iniquis
1660 1309 1774 1347 tem-

368 1371 584 1436 poribus,
607 1371 848 1434 fatigando
871 1380 918 1418 et
935 1372 1216 1436 frangendo,
1241 1373 1420 1438 absque
1442 1375 1602 1440 aliquo
1620 1376 1772 1424 fructu

368 1466 451 1497 seu
474 1448 750 1513 apparentia
766 1448 991 1509 victoriae,
1014 1458 1061 1496 et
1080 1449 1260 1497 nedum
1280 1467 1416 1499 suam
1434 1452 1667 1516 militiam,
1691 1455 1774 1502 sed

369 1527 513 1574 etiam
547 1542 659 1573 suos
685 1525 900 1573 subditos
931 1536 977 1575 et
1013 1536 1158 1575 terras
1189 1527 1367 1575 viribus
1397 1539 1444 1576 et
1475 1529 1774 1580 facultatibus

368 1602 710 1651 exhauriendo.
743 1606 854 1650 Erat
879 1604 1007 1650 enim
1028 1605 1170 1667 longe
1191 1605 1350 1670 dispar
1373 1615 1514 1670 atque
1539 1607 1775 1657 dissimilis

368 1697 509 1728 causa
532 1680 678 1744 ipsius
699 1690 745 1727 et
765 1680 915 1728 hostis
939 1681 1029 1742 sui,
1055 1685 1346 1729 Francorum
1367 1684 1505 1747 regis.
1533 1687 1652 1732 Nam
1674 1686 1774 1750 ipse

369 1759 660 1804 Francorum
695 1774 777 1804 rex
809 1768 908 1805 tam
940 1758 1060 1805 latos
1094 1769 1141 1806 et
1171 1760 1403 1825 spatiosos
1438 1761 1624 1826 imperii
1656 1761 1774 1810 fines

369 1834 554 1896 retinet,
577 1844 624 1882 et
632 1835 827 1898 longam
839 1845 981 1899 atque
997 1837 1304 1884 inveteratam
1314 1837 1413 1901 jam
1427 1839 1772 1903 possessionem

369 1921 536 1958 nactus
558 1921 629 1958 est
648 1911 869 1976 quaeiibet
892 1922 939 1959 et
962 1915 1264 1977 quantumvis
1286 1915 1443 1978 gravia
1465 1914 1773 1962 collationum

368 1998 512 2052 atque
538 1989 837 2052 vectigalium
865 2005 1012 2037 onera
1039 2000 1085 2037 et
1106 1990 1282 2038 tributa
1304 1991 1506 2038 subditis
1526 1992 1773 2057 imponere

368 2081 458 2129 pro
491 2065 594 2112 solo
625 2076 746 2113 nutu
778 2076 825 2112 et
856 2066 1101 2113 voluntate
1135 2082 1242 2125 sua,
1278 2067 1345 2113 sic
1375 2068 1508 2131 quod
1539 2069 1696 2116 nullus
1723 2071 1772 2117 in

367 2159 515 2206 regno
533 2159 623 2189 nec
637 2143 885 2207 provincia
899 2142 1093 2207 quidem
1106 2159 1219 2204 una,
1236 2143 1317 2191 sed
1341 2161 1431 2191 nec
1454 2145 1613 2209 plures
1633 2147 1774 2194 simul

367 2228 449 2266 aut
466 2219 608 2265 etiam
621 2235 804 2279 omneS,
823 2229 992 2266 contra
1006 2219 1258 2266 minimum
1274 2237 1471 2269 suorum
1486 2231 1773 2286 quaestorum

367 2295 466 2343 ullo
495 2305 635 2360 pacto
666 2294 893 2343 auderent
923 2298 1112 2344 mutire.
1135 2297 1204 2344 Ad
1227 2307 1407 2345 tantam
1424 2299 1552 2346 enim
1575 2300 1772 2346 servitu·

367 2382 464 2419 tem
510 2389 595 2419 sua
631 2373 800 2420 inertia
838 2383 884 2420 et
922 2384 1054 2421 muta
1098 2375 1322 2439 patientia
1368 2385 1773 2440 tyrannorumque

367 2450 662 2497 immanitate
695 2460 807 2496 sunt
842 2451 1035 2498 redacti.
1073 2456 1228 2516 Longe
1252 2461 1411 2499 autem
1433 2451 1590 2500 adhuc
1611 2453 1773 2501 aberat

368 2537 419 2573 ut
451 2536 581 2575 tanta
617 2526 803 2575 licentia
839 2529 889 2575 in
924 2532 1058 2577 terris
1097 2531 1193 2577 suis
1231 2530 1343 2577 duci
1383 2531 1771 2594 Burgundionum

368 2604 487 2651 foret
513 2605 761 2669 permissa,
791 2623 1064 2670 quanquam
1094 2607 1335 2663 dietenus,
1364 2617 1460 2654 tam
1498 2609 1598 2672 ipse
1626 2626 1771 2672 quam

367 2682 462 2742 sui,
495 2682 638 2729 totius
663 2682 839 2745 ingenii
862 2683 983 2731 vires
1013 2683 1324 2731 intendebant
1349 2694 1423 2745 ut,
1456 2686 1586 2748 regio
1610 2702 1767 2746 more,

419 2850 458 2887 1.
493 2850 604 2896 Quod
622 2847 717 2886 dans
736 2849 771 2886 le
794 2862 864 2886 ms.
