2054 3470
736 341 882 378 LIBER
907 341 1126 378 TERTIUS.
1573 340 1650 377 259

234 428 585 478 infelicitatem?
608 427 734 474 Felix
757 426 991 491 profecto,
1018 426 1058 472 si
1082 426 1270 490 quietus
1294 434 1341 471 et
1363 426 1647 489 tranquillus

231 507 448 554 dimissus
462 542 475 566 ,
501 521 588 553 nec
609 520 637 551 a
655 503 799 567 longa
820 503 1090 567 captivitate
1113 501 1314 562 solutuS,
1346 502 1396 548 in
1427 517 1513 548 sua
1536 519 1645 550 arce

234 584 589 632 Londoniarum
610 582 823 628 reclusus
842 581 1109 640 mansisset,
1136 580 1376 628 malorum
1393 596 1645 645 compara-

232 661 363 708 tione
379 698 391 719 ,
428 677 531 725 quae
553 659 679 706 hanc
703 659 804 723 ejus
827 667 1216 707 momentaneam
1249 659 1299 705 in
1329 659 1483 722 regale
1515 658 1645 706 fasti-

233 739 361 803 gium
397 738 742 804 repositionem
786 754 812 784 e
843 737 1039 801 vestigio
1072 747 1234 785 secuta
1265 735 1401 784 sunt!
1446 737 1645 784 Felicior

232 816 408 863 verosi
442 815 491 862 in
529 815 844 874 monasterio,
883 815 932 861 in
970 831 1069 878 quo
1102 831 1188 879 per
1224 822 1413 879 tempus
1447 813 1647 879 aliquod

232 893 323 940 sub
352 891 577 939 monachi
610 891 775 939 habitu
806 891 1055 938 delituerat
1070 894 1098 949 ¹,
1139 892 1189 938 in
1226 892 1315 938 Dei
1343 891 1555 952 servitio,
1595 891 1644 937 in

233 985 330 1034 quo
351 986 538 1017 summa
560 979 630 1017 est
650 969 842 1016 libertas
856 1007 868 1030 ,
906 969 1132 1016 omnibus
1154 968 1498 1034 temporalibus
1520 970 1647 1016 curis

231 1062 432 1107 vacuus,
472 1048 522 1094 in
557 1047 703 1095 finem
732 1063 884 1110 usque
905 1046 1050 1110 hujus
1082 1046 1295 1093 mortalis
1318 1062 1413 1093 suae
1435 1047 1646 1111 peregri-

230 1124 436 1172 nationis
459 1124 631 1189 degere
661 1122 919 1190 potuisset!
968 1127 1128 1188 Longe
1150 1140 1266 1171 vero
1290 1123 1456 1186 magis,
1494 1124 1533 1170 si
1556 1140 1647 1171 nec

233 1218 447 1267 unquam
469 1202 531 1250 ad
557 1202 726 1266 regalis
747 1201 940 1266 pondus
964 1201 1260 1249 celsitudinis
1299 1211 1443 1266 atque
1477 1201 1649 1248 moles-

232 1280 432 1330 tissimas
462 1299 599 1330 curas
620 1282 918 1330 sustinendas
950 1293 996 1329 et
1020 1281 1328 1347 perferendas
1358 1282 1530 1346 jugum
1566 1300 1647 1330 su-

232 1357 412 1418 biisset,
438 1359 629 1423 suisque
653 1360 909 1425 impositas,
929 1358 1192 1406 cervicibus
1214 1357 1545 1423 persensisset!
1577 1363 1649 1406 In·

233 1435 556 1484 felicissimum
594 1438 773 1501 quippe
808 1436 1056 1484 infortunii
1079 1453 1228 1500 genus
1262 1446 1333 1484 est
1364 1437 1506 1484 fuisse
1545 1437 1646 1485 feli-

234 1528 354 1559 cem.
381 1512 508 1560 Olim
525 1513 733 1561 duorum
751 1514 1194 1578 potentissimorum
1211 1530 1472 1577 regnorum
1493 1513 1648 1562 dictus

235 1606 334 1650 rex,
363 1591 569 1638 Franciae
594 1591 770 1638 scilicet
798 1601 843 1638 et
867 1590 1055 1654 Angliae,
1089 1591 1410 1654 inunctusque
1431 1592 1576 1639 etiam
1598 1593 1648 1639 in

234 1669 525 1714 Francorum
547 1685 708 1731 regem
731 1668 781 1714 in
810 1668 889 1714 illa
918 1668 1094 1732 inclyta
1121 1678 1168 1715 et
1199 1668 1326 1731 regia
1359 1668 1647 1716 Parisiorum

234 1744 380 1806 urbe,
419 1761 565 1810 quam
600 1755 705 1792 tum
739 1762 850 1792 cum
882 1762 1055 1810 magna
1092 1745 1304 1809 ejusdem
1342 1747 1474 1811 regni
1513 1757 1648 1812 parte

233 1823 449 1885 tenebat3
490 1824 573 1871 sed
614 1833 684 1871 tot
721 1833 970 1888 tantasque
1013 1824 1325 1889 postmodum
1357 1825 1649 1874 calamitates

231 1901 651 1965 lamentabilesque
671 1918 809 1949 casus
831 1911 1051 1966 expertus
1074 1912 1162 1961 est,
1190 1919 1314 1967 quos
1336 1902 1504 1950 afferre
1527 1903 1649 1951 solet

231 1977 416 2026 lubrica
437 1995 625 2044 semper
648 1988 695 2026 et
718 1978 949 2026 instabilis
977 1979 1312 2043 temporalium
1333 1980 1647 2045 imperiorum

233 2055 510 2120 magnitudo
529 2093 541 2116 ,
575 2066 628 2103 ut
660 2055 802 2103 nullis
834 2072 986 2120 prope
1024 2057 1327 2120 superiorum
1365 2057 1641 2119 infelicium,

235 2130 301 2179 de
315 2149 522 2197 quorum
552 2132 740 2181 casibus
771 2133 1009 2197 tragoediae
1039 2135 1322 2199 conscriptae
1353 2145 1465 2182 sunt
1495 2136 1646 2183 innu-

235 2224 394 2270 merae,
420 2210 471 2257 in
506 2210 802 2257 miseriarum
826 2211 1132 2258 multitudine
1157 2221 1204 2258 et
1234 2211 1551 2277 amplitudine
1573 2214 1645 2260 in·

236 2285 378 2335 ferior
400 2304 502 2336 esse
527 2288 744 2336 videatur
777 2307 787 2334 :
818 2289 1035 2354 praebens
1063 2290 1242 2353 tragico
1274 2289 1513 2338 scribendi
1546 2301 1644 2339 tam

235 2365 477 2433 copiosam
509 2375 844 2430 extensamque
888 2367 1151 2425 materiam,
1190 2375 1241 2413 ut
1269 2360 1330 2414 de
1362 2383 1435 2428 ea,
1474 2368 1643 2433 procul

236 2436 414 2506 dubio,
446 2443 687 2491 innumeri
718 2460 853 2509 paene
880 2453 1013 2491 actus
1039 2443 1156 2507 fingi
1183 2454 1327 2514 atque
1348 2445 1515 2510 stringi
1536 2462 1645 2510 pos-

119 2522 121 2524 ’
182 2560 185 2562 ,
236 2520 344 2567 sint·-

301 2599 374 2644 De
389 2613 483 2661 qua
501 2599 588 2645 etsi
604 2599 702 2662 jam
728 2600 877 2647 multa
901 2616 930 2646 a
963 2597 1121 2659 nobis,
1147 2607 1246 2646 tam
1271 2600 1322 2646 in
1354 2601 1477 2662 regis
1498 2599 1641 2663 hujus

238 2674 380 2737 gestis
406 2691 549 2738 quam
570 2677 737 2740 optimi
755 2677 828 2724 sui
846 2677 1089 2740 genitoris,
1115 2676 1342 2725 historica
1374 2678 1645 2724 narratione

293 2830 331 2865 1.
364 2831 459 2878 Voy.
480 2828 692 2877 Ci-dessus,
713 2843 751 2881 p.
779 2831 843 2869 53.
