2054 3470
399 349 474 386 372
769 345 1111 383 HISTORIARUM
1137 343 1375 382 LUDOVICI
1401 343 1458 380 XI

400 437 469 501 gis
490 436 799 500 compactatis
825 433 1222 499 comprehensus,
1251 431 1335 479 sed
1366 431 1500 479 velut
1529 431 1578 477 in
1603 430 1814 496 praedam

401 513 652 561 sibidatus
672 528 728 559 ac
745 512 1043 574 derelictus),
1064 511 1250 575 copias,
1273 508 1450 573 quibus
1472 507 1667 571 aggredi
1685 509 1817 555 Cam·
1858 543 1863 546 .

399 591 592 655 paniam
614 599 724 636 ante
753 590 1096 647 destinaverat,
1118 589 1167 634 in
1191 603 1358 649 agrum
1381 589 1657 632 Barrensem
1674 621 1686 643 ,
1716 585 1815 648 regi

402 667 581 711 Renato
600 672 892 728 spectantem
908 699 920 723 ,
942 679 1054 709 cum
1073 678 1171 726 quo
1194 660 1423 707 amicitias
1439 659 1685 724 copularat
1701 657 1813 723 [tra-

392 742 526 805 jecit3
552 756 696 805 quem
718 738 910 803 agrum]
932 739 1128 785 minime
1142 736 1294 784 voluit
1315 736 1615 800 conquirere.
1635 737 1812 783 Verum

395 818 632 882 aliquibus
664 818 810 882 ipsius
837 825 972 862 terrae
1003 814 1242 862 Barrensis
1269 812 1529 873 nobilium,
1563 812 1672 875 qui,
1701 827 1812 858 cum

394 895 516 942 duce
551 894 863 956 Lotharingiae
894 892 1037 957 paulo
1070 901 1178 939 ante
1214 901 1386 938 terram
1422 889 1815 952 Luxemburgen-

395 990 495 1020 sem
515 971 806 1037 popularant
829 969 1159 1032 nonnullaque
1180 978 1333 1015 castra
1356 977 1403 1014 et
1424 967 1557 1013 villas
1575 982 1682 1013 suas
1706 982 1812 1012 cre-

394 1060 666 1108 maverant,
691 1049 842 1096 vicem
865 1046 1156 1112 rependens,
1182 1044 1395 1092 similiter
1420 1054 1572 1091 castra
1602 1053 1650 1090 et
1680 1043 1813 1091 villas

393 1144 561 1174 eorum
583 1128 633 1173 in
658 1127 839 1173 cineres
860 1125 992 1171 dedit
1009 1134 1151 1188 atque
1175 1122 1408 1181 incendit;
1432 1120 1637 1184 indeque
1656 1121 1706 1167 in
1725 1124 1815 1168 Lo-

393 1204 677 1267 tharingiam
694 1203 930 1266 trajiciens
946 1240 957 1260 ‚
976 1218 1002 1248 a
1014 1218 1111 1265 qua
1132 1200 1230 1247 dux
1244 1210 1346 1247 tum
1365 1199 1538 1246 absens
1551 1207 1652 1245 erat
1666 1233 1678 1257 ,
1700 1215 1811 1245 cum

391 1298 497 1328 eam
531 1279 863 1327 defensoribus
887 1294 1085 1325 vacuam
1110 1276 1369 1335 inveniret,
1396 1285 1443 1323 et
1475 1276 1586 1322 satis
1619 1290 1815 1322 securus

392 1368 606 1405 maneret
626 1374 653 1404 a
670 1374 778 1420 rege
801 1361 1094 1404 Francorum
1114 1353 1366 1402 conatibus
1387 1354 1482 1400 suis
1499 1352 1816 1417 impedimen—

393 1445 494 1482 tum
529 1451 628 1481 non
659 1435 891 1499 praestari,
917 1433 1097 1496 absque
1129 1447 1303 1494 magno
1332 1430 1524 1494 negotio
1554 1439 1730 1490 totam,
1762 1430 1812 1476 in

392 1514 577 1559 minore
600 1518 747 1577 quam
766 1513 912 1558 trium
934 1511 1169 1558 mensium
1190 1509 1386 1574 spatio¹,
1406 1509 1454 1555 in
1478 1523 1614 1554 suam
1629 1505 1814 1570 redegit

387 1590 635 1637 ditionem.

456 1667 615 1715 Nullas
638 1667 835 1731 quidem
872 1676 952 1713 aut
987 1666 1288 1713 brevissimas
1326 1662 1602 1710 obsidiones
1637 1659 1814 1725 oppida

390 1745 554 1809 patriae
574 1738 927 1802 sustinuerunt,
955 1752 1124 1808 praeter
1137 1746 1436 1805 Nanceyum,
1460 1740 1586 1785 intra
1608 1738 1740 1802 quod
1763 1753 1814 1783 se

391 1821 651 1868 multitudo
667 1821 931 1868 nobilitatis
946 1820 1107 1884 patriae
1125 1819 1396 1866 recluserat.
1422 1819 1482 1864 Et
1502 1831 1591 1862 nec
1616 1813 1810 1878 quidem

389 1914 476 1962 per
494 1899 733 1961 integrum
755 1913 968 1945 mensem
992 1896 1321 1943 defensionem
1348 1900 1702 1958 opposuerunt3
1727 1889 1809 1936 sed

389 1991 500 2021 cum
515 1975 732 2022 viderent
749 1991 776 2021 a
793 1990 881 2020 suo
898 1973 1020 2020 duce
1037 1972 1265 2019 auxilium
1287 1968 1579 2035 sperandum
1601 1966 1691 2012 sibi
1708 1983 1807 2013 non

389 2067 514 2110 esse,
540 2060 806 2098 metuentes
825 2049 1225 2113 expugnationem
1248 2047 1324 2094 vel
1347 2045 1607 2108 iniquiores
1621 2080 1633 2104 ,
1655 2043 1694 2089 si
1709 2043 1809 2090 diu-

389 2129 481 2174 tius
520 2127 894 2185 reluctarentur,
932 2126 1059 2188 leges
1095 2141 1144 2171 se
1180 2124 1444 2185 subituros,
1485 2124 1805 2182 deditionem,

388 2206 486 2252 suis
510 2205 653 2252 rebus
676 2215 722 2251 et
744 2204 906 2268 patriae
930 2202 1228 2250 libertatibus
1250 2202 1410 2262 salvis,
1438 2202 1652 2248 fecerunt
1667 2203 1709 2260 ³,
1735 2211 1808 2247 at-

388 2297 482 2345 que
500 2281 704 2328 hominii
726 2291 773 2327 et
796 2279 1049 2339 fidelitatis,
1076 2267 1304 2343 tanquam
1326 2295 1414 2325 suo
1439 2278 1643 2343 principi
1657 2313 1669 2334 ‚
1693 2279 1807 2323 Bur-

386 2359 685 2423 gundionum
699 2358 811 2405 duci
826 2358 1142 2422 praestiterunt
1156 2353 1808 2418 sacramenta.Fabul[ab]an-

386 2448 463 2484 tur
482 2438 642 2496 multi,
670 2436 786 2483 dum
804 2436 905 2483 haec
923 2437 971 2482 in
994 2436 1298 2498 botharingia
1321 2443 1588 2497 agerentur,
1613 2432 1739 2478 varia
1761 2441 1805 2477 et

384 2515 596 2573 diversa,
621 2524 765 2579 prout
787 2515 1115 2578 unusquisque
1141 2513 1217 2560 vel
1241 2514 1288 2559 in
1315 2513 1458 2572 hanc,
1493 2510 1570 2557 vel
1596 2511 1646 2556 in
1677 2509 1804 2556 illam

385 2603 564 2657 partem
589 2592 828 2639 studiosus
847 2593 1007 2657 potius
1033 2600 1132 2638 erat
1153 2607 1236 2637 seu
1258 2589 1480 2637 affectus:
1507 2588 1584 2635 alii
1606 2590 1806 2634 Franco·

439 2779 478 2815 1.
509 2779 566 2814 De
586 2775 623 2833 la
641 2773 935 2825 mi-septembre
958 2775 980 2810 a
997 2773 1034 2811 la
1052 2774 1104 2811 fin
1124 2771 1172 2810 de
1192 2770 1405 2811 novembre
1429 2773 1542 2810 1475.

439 2839 476 2873 2.
510 2839 563 2873 Le
587 2837 636 2873 30
652 2833 864 2872 novembre
885 2836 1002 2871 1475.
