2054 3470
684 298 832 336 LIBER
858 296 1130 336 SECUNDUS.
1540 301 1612 339 15¹

201 398 249 437 et
274 388 472 441 moveri.
506 389 731 441 Poterant
749 386 891 433 etiam
920 385 1023 450 ipse
1046 383 1145 432 dux
1165 385 1420 439 Britanniae
1441 397 1490 435 et
1508 389 1585 436 sui
1600 426 1614 451 ,

201 468 284 532 qui
302 466 496 531 majoris
514 464 662 530 partis
690 463 872 511 arcium
897 472 945 511 et
965 463 1216 512 civitatum
1245 473 1390 529 atque
1416 466 1620 530 oppido-

200 561 309 593 rum
330 542 648 602 Normanniae,
674 541 872 588 nomine
895 540 1049 598 ducis,
1076 541 1490 605 quemadmodum
1506 542 1622 592 dixi-

201 640 325 684 mus,
336 621 603 671 custodiam
623 631 670 668 et
680 620 904 668 saisinam
915 631 1238 686 susceperant,
1251 622 1619 672 interveniendo

199 704 334 753 ducis
355 702 668 768 possessioni¹
696 711 744 749 et
762 718 870 749 eam
899 701 963 749 ad
989 702 1167 765 regiam
1200 719 1399 751 manum
1421 704 1620 752 transfe-

199 780 374 842 rendo,
411 779 634 828 facillime
654 780 814 845 ipsum
835 779 1013 845 (prout
1038 779 1352 847 perfidissime
1371 781 1622 846 fecerunt)

197 874 280 910 sua
296 858 597 923 possessione
616 857 896 922 perturbare
921 867 968 906 et
987 858 1210 924 spoliare.

258 934 353 983 Sed
376 935 596 999 quamvis
622 935 673 982 in
711 934 838 983 dicta
871 935 982 983 villa
999 971 1011 992 ‚
1048 952 1192 1001 super
1226 935 1619 984 reconciliatione

192 1011 340 1076 ipsius
355 1011 491 1059 ducis
515 1011 765 1058 Britanniae
791 1011 929 1058 multi
952 1028 1198 1068 sermones
1227 1011 1380 1070 habiti
1410 1011 1615 1073 fuerint,

192 1088 430 1153 fueritque
452 1105 481 1137 a
503 1088 689 1136 civibus
711 1098 759 1136 et
780 1088 1089 1154 primioribus
1106 1090 1270 1155 patriae
1292 1089 1469 1136 obnixe
1488 1107 1622 1154 roga—

191 1174 268 1213 tus
289 1165 527 1230 valdeque
556 1167 759 1214 comiter
790 1166 1017 1214 invitatus
1042 1175 1097 1214 ut
1117 1166 1290 1215 urbem
1312 1166 1498 1231 ingredi
1520 1168 1643 1215 vel-'

191 1242 284 1304 let,
309 1259 400 1290 nec
422 1253 520 1291 tam
542 1243 710 1292 leviter
723 1253 770 1291 et
796 1261 886 1309 pro
916 1243 1049 1292 nulla
1073 1261 1238 1306 causa,
1264 1261 1369 1310 quae
1386 1244 1620 1294 hactenus

192 1320 497 1385 impertiisset
540 1320 771 1386 obsequia
809 1337 896 1369 sua
929 1321 1245 1369 illustrissimo
1287 1321 1429 1386 duci,
1477 1322 1621 1370 vellet

192 1397 459 1457 omittere’‚
488 1407 536 1445 et
550 1435 562 1459 ,
595 1415 650 1446 ex
691 1407 822 1446 tanta
857 1399 1063 1447 amicitia
1095 1407 1239 1464 atque
1275 1396 1453 1447 foedere
1467 1437 1480 1461 ,
1522 1388 1619 1447 tam

191 1474 334 1521 arctis
365 1475 672 1522 sacramentis
695 1474 886 1523 firmato
903 1513 915 1534 ‚
945 1475 993 1522 in
1020 1475 1276 1523 adversum
1309 1476 1502 1540 penitus
1543 1493 1619 1524 re-

192 1550 341 1612 silire,
377 1551 552 1599 frustra
584 1561 747 1599 tamen
782 1562 829 1599 et
859 1553 961 1599 sine
999 1552 1157 1600 fructu
1192 1569 1362 1600 omnes
1390 1553 1619 1617 hujusce-

192 1628 328 1676 modi
358 1639 560 1676 conatus
595 1639 959 1695 processerunt,
998 1646 1088 1677 nec
1123 1629 1348 1695 precibus
1382 1629 1490 1677 ullis
1533 1640 1617 1678 aut

190 1705 604 1754 obsecrationibus
626 1716 696 1754 est
716 1707 935 1754 inflexus.
954 1707 1049 1765 Qui
1068 1707 1167 1771 jam
1181 1742 1195 1764 ‚
1222 1716 1274 1754 ut
1295 1706 1524 1768 diximus,
1552 1708 1616 1755 ad

188 1798 350 1848 regem
380 1800 472 1849 pro
507 1800 593 1832 sua
620 1784 1037 1843 reconciliatione,
1065 1784 1163 1831 suis
1186 1783 1499 1832 vehementer
1521 1785 1616 1833 sol-

187 1859 480 1908 licitantibus
502 1870 550 1908 et
573 1861 952 1909 accelerantibus
967 1898 980 1921 ‚
1006 1861 1347 1909 transmiserat.

254 1938 401 2003 Igitur
421 1955 503 1986 rex
517 1975 530 1999 ,
559 1939 817 1987 conciliato
840 1939 932 1987 sibi
965 1940 1177 2006 primum
1200 1939 1324 1987 duce
1347 1939 1580 1987 Borbonii
1598 1978 1611 1998 ‚

188 2025 240 2062 ut
276 2015 507 2076 diximus,
557 2016 732 2064 deinde
781 2034 897 2066 vero
944 2017 1197 2065 Britanniae
1247 2016 1396 2079 duce,
1444 2017 1615 2066 videns

186 2091 380 2140 fratrem
401 2109 543 2139 suum
566 2092 793 2141 omnibus
821 2111 957 2159 paene
981 2094 1166 2142 auxiliis
1187 2094 1470 2142 destitutum
1492 2094 1614 2159 (erat

185 2170 316 2217 enim
336 2186 500 2218 comes
527 2171 589 2218 de
614 2171 882 2232 Charolois,
901 2182 956 2220 ut
979 2172 1187 2220 diximus
1205 2209 1217 2232 ,
1240 2173 1339 2237 jam
1367 2189 1480 2220 cum
1501 2190 1612 2220 om-

184 2247 328 2295 nibus
357 2249 454 2295 suis
478 2249 629 2314 copiis
664 2249 725 2296 ad
759 2265 868 2297 suas
896 2259 1048 2298 terras
1083 2250 1412 2298 defendendas
1445 2253 1611 2299 rever—

186 2343 265 2374 sus
293 2327 519 2375 adversus
541 2328 750 2392 impetus
772 2338 818 2374 et
839 2328 1144 2376 insolentiam
1174 2328 1463 2377 stolidorum
1485 2330 1611 2378 Ebu-

186 2403 419 2467 ronum),
446 2420 558 2451 cum
603 2405 847 2468 diligentia
882 2422 1054 2470 magna
1090 2407 1458 2466 Normanniam‚
1497 2424 1608 2454 cum

188 2479 412 2527 omnibus
438 2497 557 2545 quas
589 2481 770 2528 habere
796 2492 983 2547 poterat
1020 2483 1198 2548 copiis,
1237 2492 1309 2530 est
1340 2500 1604 2548 aggressus.

191 2556 415 2613 Quotidie
447 2558 575 2605 enim
597 2558 689 2605 sibi
708 2558 1069 2623 adaugebantur
1093 2570 1141 2607 et
1163 2560 1442 2608 crescebant
1457 2596 1469 2620 ,
1495 2561 1609 2624 quia

243 2679 280 2716 1.
310 2679 579 2717 possessionem
594 2663 699 2718 Tans
721 2680 759 2719 le
781 2693 854 2720 mS.
879 2682 939 2720 On
959 2682 1134 2734 pourrait
1160 2695 1371 2721 conserver
1398 2680 1617 2720 l’accusatif

189 2749 237 2774 en
253 2736 468 2789 corrigeant
487 2742 759 2778 interveniendo
777 2754 849 2793 par
867 2743 1150 2781 intervertendo.

245 2796 285 2835 2.
316 2798 500 2833 Amittere
520 2796 615 2836 dans
632 2798 671 2836 le
689 2811 761 2837 m5.
