2054 3470
702 315 858 352 INDEX
892 315 1260 353 GAPITULORUM.
1611 316 1688 353 429

325 435 503 473 visitatum
520 436 636 484 venit,
669 435 726 472 eui
748 449 811 471 rex
839 435 1047 472 vicariatum
1071 437 1231 484 regendae
1253 445 1287 473 et
1311 408 1688 474 adminismdaemu

324 494 553 531 Nox-manniae
571 493 681 540 dedit,
699 494 765 530 sibi
780 506 905 542 magna
922 495 1089 542 pensione
1103 496 1310 540 constituta3
1329 509 1406 543 quae
1426 497 1548 533 omnia
1563 497 1597 532 ei

325 553 440 590 statim
459 553 590 590 ademit
594 579 1585 592 ..........................................
1644 556 1689 590 68

281 657 496 694 Cnnumu
511 670 585 695 m.
601 677 650 687 —
663 657 822 702 Qualiter
836 669 912 700 rex,
931 668 999 704 pro
1017 656 1157 693 luendis
1171 657 1273 693 terris
1283 657 1453 693 Pioerdiae
1470 659 1596 705 pigno-

324 717 408 752 ratis
429 715 514 752 duci
535 714 764 763 Burgundii»,
785 714 943 763 deposita
960 726 1037 761 quae
1057 714 1096 749 in
1114 715 1258 751 ecclesia
1275 716 1461 751 Parisiensi
1482 729 1598 752 serva-

325 774 468 819 bantur,
488 773 589 815 tulit,
613 782 647 809 et
666 773 782 809 edicto
802 773 986 822 proposito
1009 773 1142 808 cunctis
1163 773 1317 810 venandi
1335 782 1548 822 potestatem*
1561 783 1598 810 et

325 833 522 869 facultatem
543 831 675 868 ademit
680 857 1590 870 .......................................
1646 835 1690 868 70

280 926 490 964 Cimumx
507 939 594 965 xm.
610 947 658 955 —
671 928 725 962 De
740 926 816 962 aliis
829 925 970 962 duobus
985 926 1115 972 iniquis
1129 925 1263 972 edictis,
1279 935 1314 962 et
1329 926 1375 962 de
1391 927 1478 964 novi
1493 926 1599 962 veeti-

325 986 412 1034 galis
426 986 524 1035 apud
541 986 832 1022 Pontem-Archa!
850 985 1130 1021 introductione.
1153 1012 1162 1021 .
1176 1012 1186 1021 .
1200 1012 1209 1022 .
1225 1012 1234 1021 .
1248 1012 1258 1021 .
1272 1012 1282 1022 .
1295 1013 1304 1022 .
1320 1013 1329 1021 .
1343 1012 1352 1022 .
1367 1012 1377 1022 .
1390 1012 1399 1022 .
1415 1012 1425 1022 .
1438 1012 1448 1022 .
1461 1011 1474 1022 .
1487 1012 1496 1022 .
1511 1012 1520 1022 .
1535 1012 1544 1037 7
1559 1013 1569 1022 .
1582 1013 1591 1021 .
1647 987 1693 1020 76

280 1081 492 1118 Cunnum
515 1094 616 1119 xxm.
633 1100 680 1110 -
695 1083 749 1116 De
772 1081 918 1116 luitioue
942 1089 1116 1117 terrarum
1144 1079 1312 1116 Picardiae
1338 1088 1373 1116 et
1393 1093 1513 1115 earum
1533 1080 1599 1116 suh

327 1141 459 1188 regiam
474 1141 645 1176 ditionem
659 1140 877 1176 restitutione
882 1164 1598 1177 ...............................
1648 1141 1694 1174 80

281 1239 493 1274 Cu'rruum
509 1249 608 1275 mv.
628 1258 674 1266 —
689 1239 742 1272 De
754 1237 991 1285 legationibus
1007 1237 1245 1283 frequentibus
1260 1235 1308 1272 ad
1322 1235 1448 1272 ducem
1464 1236 1599 1272 Britan-

329 1298 396 1332 niae
422 1297 553 1340 missis,
578 1305 612 1332 et
634 1305 809 1333 conventu
828 1297 1030 1344 principum
1050 1296 1206 1330 Turonis
1222 1295 1366 1341 habit03
1389 1304 1470 1343 post
1497 1307 1603 1342 quem

331 1357 485 1404 perrexit
506 1369 568 1391 rex
583 1355 630 1391 ad
644 1355 804 1392 visendas
819 1364 928 1391 terras
941 1367 1020 1391 suas
1034 1354 1203 1390 Picardiae
1212 1383 1222 1401 ,
1245 1364 1282 1390 et
1301 1354 1517 1403 Burgundiae
1536 1354 1602 1389 du-

328 1428 403 1450 cem
409 1440 1595 1451 ..................................................
1649 1413 1694 1447 82

283 1511 492 1546 Curi-omn
515 1523 597 1546 xxv.
615 1530 663 1539 —
678 1511 730 1546 De
751 1510 950 1558 captivitate
967 1510 1123 1545 Bastardi
1138 1509 1183 1545 de
1197 1509 1379 1558 Rubemprd
1391 1510 1429 1544 in
1445 1514 1598 1545 Gor-cum.
1650 1509 1695 1542 87

284 1605 494 1642 Gummi
508 1619 604 1642 xxvt.
623 1626 671 1634 —
686 1607 738 1642 De
754 1606 926 1654 legatione
945 1619 969 1663 a
982 1619 1064 1653 rege
1080 1606 1183 1641 missa
1201 1605 1246 1641 ad
1271 1606 1474 1654 Philippum
1485 1633 1496 1651 ,
1518 1607 1603 1642 Bur-

332 1665 472 1712 gundiae
495 1664 644 1710 ducem,
663 1674 698 1700 et
721 1665 858 1700 comitis
879 1664 924 1721 de
950 1666 1143 1710 Char-oleis,
1171 1665 1235 1701 filii
1258 1665 1334 1710 sui,
1360 1678 1480 1701 coram
1503 1674 1603 1713 patre

331 1738 396 1761 suo
417 1726 638 1762 accusatione
651 1753 660 1770 ‚
676 1726 854 1774 ipsiusque
868 1726 933 1761 filii
947 1726 1175 1773 responsione
1189 1735 1292 1772 atque
1308 1725 1525 1761 defensione.
1535 1753 1544 1761 .
1559 1753 1568 1762 .
1582 1752 1592 1763 .
1646 1726 1692 1760 90

286 1821 499 1857 Curi-omn
514 1834 623 1860 xxvn.
647 1841 696 1849 —
710 1821 904 1866 Quomodo
924 1834 986 1856 rex
1006 1821 1180 1869 plurimos
1201 1830 1347 1857 conatus
1363 1821 1538 1870 impendit
1557 1822 1603 1858 ad

333 1879 626 1928 disrumpendum
649 1879 780 1916 foedera
796 1889 830 1915 et
844 1881 1012 1916 amicitias
1027 1881 1118 1916 inter
1135 1879 1262 1916 ducem
1276 1881 1466 1917 Britanniae
1484 1889 1518 1916 et
1537 1893 1604 1916 co-

334 1940 454 1975 mitem
468 1939 513 1975 de
533 1940 721 1983 Charolois3
741 1948 775 1975 et
789 1940 964 1976 invectiva
978 1949 1101 1975 contra
1120 1940 1323 1976 ambitiosos
1327 1967 1594 1977 ............
1651 1941 1697 1976 92

289 2038 499 2074 Curatum
514 2051 637 2075 xxvm.
654 2060 703 2067 —
717 2039 909 2084 Quomodo
928 2041 1088 2085 Carolus,
1105 2042 1214 2076 frater
1228 2041 1331 2089 regis,
1348 2053 1368 2076 e
1383 2041 1532 2078 Pictavis
1548 2053 1607 2075 vo-

334 2098 407 2133 lem
420 2098 458 2133 in
476 2098 690 2135 Britanniam
708 2097 882 2136 adductus
903 2100 968 2138 fuit
972 2126 1598 2138 ...........................
1653 2102 1699 2135 98

989 2156 1010 2177 0

779 2313 918 2348 LIBER
949 2313 1206 2350 SECUNDUS.

292 2467 499 2502 eun-uma
513 2479 670 2502 ramum.
686 2486 734 2494 —
748 2466 940 2510 Quomodo
956 2479 1074 2502 comes
1086 2468 1260 2503 Dunensis
1274 2468 1396 2503 iterato
1413 2480 1434 2502 a
1447 2479 1528 2514 rege
1544 2467 1608 2502 fuit

340 2527 379 2562 in
401 2527 619 2562 Britanniam
645 2527 785 2570 missus,
810 2539 876 2561 nee
899 2525 946 2562 ad
969 2539 1052 2562 eum
1076 2539 1251 2571 reversus;
1276 2535 1311 2562 et
1334 2525 1379 2560 de
1407 2526 1609 2573 principum

340 2585 439 2631 regui
464 2585 644 2619 communi
661 2585 905 2633 conjuratione
930 2593 964 2619 et
980 2584 1150 2628 motione,
1170 2593 1209 2620 ut
1227 2585 1383 2631 aiebant,
1404 2583 1451 2619 ad
1474 2584 1610 2630 Reipu-

340 2644 440 2678 blicae
454 2643 553 2691 regni
567 2643 853 2679 instaurationem
857 2667 1601 2680 ................................
1635 2641 1701 2675 102

295 2747 504 2782 Cum-tm
524 2760 564 2782 11.
581 2767 628 2774 ——
647 2750 702 2782 An
719 2748 763 2782 ab
780 2755 925 2791 eventu,
943 2747 1103 2782 omnium
1116 2745 1323 2793 hujusmodi
1336 2745 1538 2793 principum
1559 2744 1611 2778 in-

343 2807 452 2841 tentio
467 2815 502 2842 et
516 2815 612 2842 actus
627 2807 711 2841 mali
725 2816 805 2857 sunt
821 2806 1002 2854 judicandi
1007 2829 1603 2842 ..........................
1637 2803 1704 2838 105
