2054 3470
403 377 478 412 324
763 375 1102 413 HISTORIARUM
1126 378 1314 415 LUDOVI
1317 379 1364 416 CI
1387 379 1444 415 XI

400 480 627 529 germano
651 463 864 528 ejusdem
886 464 1071 512 domini
1086 466 1424 526 Treverensis¹,
1451 465 1642 513 advenit
1662 481 1806 529 eques

400 540 794 605 Burgundionum
813 541 928 601 dux,
956 551 1182 601 armatus,
1199 542 1404 607 plurima
1423 543 1537 589 item
1551 557 1806 607 procerum

398 627 445 665 et
467 617 701 665 nobilium
722 618 1190 682 domesticorumque
1213 635 1408 665 suorum
1429 618 1569 667 turba
1589 617 1801 665 vallatus.

398 695 492 752 Qui
521 711 632 742 cum
662 712 750 742 suo
785 695 1011 743 comitatu
1047 711 1157 743 cum
1183 694 1388 759 plateam
1421 695 1494 742 bis
1524 704 1607 742 aut
1647 704 1717 741 ter
1756 695 1804 741 in

397 771 575 819 circum
601 772 918 838 adequitasset
942 771 1095 837 (quod
1116 772 1166 818 in
1207 771 1379 819 talibus
1413 772 1706 820 solemnibus
1731 773 1806 819 in-

396 850 632 898 vestituris
676 851 824 898 moris
853 867 953 898 esse
988 848 1228 913 aiebant),
1256 849 1550 898 descendens
1583 851 1644 898 de
1681 868 1806 916 equo

397 936 443 974 et
472 944 557 992 per
592 928 767 992 gradus
800 928 1087 987 ascendens,
1125 936 1234 974 ante
1260 938 1568 993 conspectum
1591 931 1808 976 Caesareae

396 1002 639 1067 dignitatis
677 1005 738 1052 ad
769 1021 923 1069 genua
954 1021 1002 1052 se
1034 1004 1299 1069 provolvit,
1329 1005 1510 1052 habens
1537 1006 1686 1069 juxta,
1725 1007 1808 1070 qui

396 1082 564 1129 vexilla
582 1098 682 1142 sua,
710 1083 760 1129 in
781 1083 954 1147 quibus
976 1097 1108 1129 arma
1130 1082 1332 1128 Geldriae
1353 1081 1644 1146 aliarumque
1662 1093 1807 1131 terra-

399 1176 505 1207 rum
531 1170 576 1207 et
600 1159 928 1207 dominiorum
951 1176 1149 1207 suorum
1178 1159 1305 1223 picta
1330 1169 1481 1218 erant,
1515 1160 1564 1205 in
1589 1159 1808 1207 manibus

396 1246 672 1284 tenuerunt.
697 1240 754 1283 Et
770 1247 884 1284 tunc
907 1237 966 1284 ad
987 1253 1139 1300 genua
1156 1236 1426 1295 advolutus,
1446 1236 1647 1283 hominii
1667 1247 1808 1302 atque

397 1314 634 1362 fidelitatis
655 1326 1004 1362 sacramentum
1037 1314 1331 1373 submissius,
1358 1331 1503 1379 quam
1527 1315 1588 1362 ab
1610 1316 1702 1375 his,
1727 1317 1809 1380 qui

395 1392 641 1458 paululum
662 1392 913 1439 distantius
935 1392 1200 1453 adstabant,
1226 1392 1379 1439 audiri
1400 1393 1654 1457 potuisset,
1683 1409 1810 1458 prae-

394 1470 527 1529 stitit,
553 1479 696 1534 atque
728 1469 786 1516 de
810 1469 938 1517 dicto
962 1469 1139 1516 ducatu
1160 1469 1362 1517 Geldriae
1379 1470 1640 1517 solemnem
1661 1471 1812 1518 inves-

397 1548 592 1594 tituram
614 1547 814 1612 accepit.

459 1628 568 1683 Quo
589 1625 738 1684 facto,
768 1625 1029 1689 imperator
1055 1641 1164 1671 cum
1195 1625 1290 1672 suis
1313 1625 1512 1673 decessit
1535 1642 1563 1673 a
1585 1625 1810 1691 praedicto

396 1702 521 1750 duce
545 1701 959 1765 Burgundionum,
999 1701 1187 1765 suisque
1212 1701 1272 1749 ad
1302 1702 1533 1767 palatium
1555 1720 1696 1750 suum
1720 1703 1813 1750 ho-

403 1779 600 1833 norifice
622 1781 831 1827 sociatus
856 1778 1049 1844 [rediit].

884 2019 1224 2065 CAPITULUM
1258 2021 1334 2064 IX.

397 2155 603 2198 Quomodo,
622 2168 702 2191 cum
719 2165 844 2191 cuncta
861 2165 1053 2203 praeparata
1070 2157 1214 2192 fuissent
1233 2157 1278 2193 ad
1297 2158 1560 2194 sublimandum
1577 2159 1703 2195 ducem
1722 2162 1811 2195 Bur-

443 2208 585 2256 gundiae
602 2210 640 2243 in
659 2222 795 2256 regem,
820 2210 937 2243 subito
958 2211 1163 2257 imperator,
1187 2224 1224 2245 re
1244 2212 1392 2256 infecta,
1414 2225 1487 2248 non
1507 2212 1680 2248 valedicto
1696 2212 1809 2248 eidem

443 2262 540 2307 duci,
558 2275 600 2297 ex
615 2263 763 2299 Treveri
778 2262 959 2298 descendit
978 2263 1022 2298 ad
1039 2264 1203 2298 Rhenum
1217 2264 1245 2299 ².

461 2405 601 2449 Facta
635 2412 796 2449 autem
819 2402 1042 2467 praedicta
1067 2403 1268 2450 solemni
1290 2405 1593 2464 ,investitura,
1629 2421 1685 2453 ea
1708 2422 1806 2453 non

399 2488 651 2526 contentus
687 2479 814 2525 idem
838 2496 991 2526 novus
1030 2480 1231 2528 Geldriae
1261 2481 1374 2542 dux,
1403 2483 1452 2528 in
1483 2499 1643 2546 regem
1666 2483 1808 2530 etiam

397 2556 791 2620 Burgundionum
819 2566 868 2602 ut
890 2556 1240 2617 sublimaretur,
1268 2568 1314 2604 et
1331 2574 1532 2622 regnum
1554 2558 1670 2605 illud
1690 2560 1809 2607 anti-

395 2651 545 2699 quum
573 2633 870 2697 Burgundiae,
897 2651 982 2698 per
1007 2634 1177 2681 multas
1195 2635 1467 2700 principum
1487 2637 1809 2685 successiones

448 2786 465 2821 ¹
477 2814 485 2822 .
518 2784 712 2835 L'eveque
731 2783 780 2822 de
799 2786 897 2822 Metz
916 2784 1006 2823 etait
1027 2785 1128 2824 alors
1155 2786 1327 2840 Georges
1348 2787 1395 2825 de
1414 2787 1531 2827 Bade.

448 2845 486 2882 Ξ.
511 2845 688 2897 Chapitre
706 2845 883 2896 imprime
898 2844 993 2883 dans
1012 2845 1285 2895 l’Amplissimu
1298 2849 1474 2895 collectio,
1494 2856 1520 2886 t.
1539 2850 1606 2894 lv,
1620 2847 1693 2886 eol.
1713 2850 1803 2889 769.
