2054 3470
383 314 460 350 206
747 311 1087 351 ffls‘romARuM
1114 282 1347 349 Lu'novlcl
1374 313 1431 349 xl

384 408 529 460 ratas,
555 400 681 446 cives
708 399 854 462 aliqui
882 400 1053 447 servati
1080 398 1191 446 duci
1223 398 1614 464 Burgundionum
1639 408 1794 447 osten-

385 476 581 537 derunt,
617 477 677 525 de
693 477 865 524 ·multis
893 487 940 525 et
966 477 1147 541 magnis
1171 476 1595 541 pollicitationibus
1616 476 1796 525 eisdem

385 554 520 601 factis
543 570 628 620 per
648 571 826 619 regem,
852 554 1026 619 quibus
1045 571 1094 623 se
1116 554 1177 601 ad
1197 570 1364 601 eorum
1383 554 1635 602 tuitionem
1653 564 1796 619 atque

385 630 714 679 defensionem
759 632 1016 679 arctissime
1058 631 1403 695 adstringebat3
1448 649 1565 697 quas
1605 642 1764 683 tamen
1781 668 1794 692 ,

385 709 533 755 modo
556 726 702 773 quem
725 709 1053 773 praemisimus,
1091 725 1235 774 opere
1263 710 1556 774 adimplevit.
1591 713 1681 757 Pro
1703 727 1798 775 qua

384 803 435 833 re
459 803 559 833 non
585 786 733 833 modo
750 822 761 843 ‚
788 803 892 850 quae
914 786 1117 833 diximus
1133 822 1144 844 ,
1175 787 1351 851 probra
1374 787 1435 835 ab
1458 778 1794 852 ipsis⁴civibus,

385 863 468 910 sed
502 880 557 911 ea
586 863 647 910 ab
680 864 876 910 infinitis
905 863 1051 914 ferme
1080 864 1213 927 regni
1246 865 1319 911 sui
1347 865 1520 913 accolis
1548 865 1798 915 maledicta

384 941 660 1006 reportavit.

452 1022 708 1083 Postquam
746 1028 906 1066 autem
946 1022 1238 1066 Francorum
1275 1036 1355 1067 rex
1383 1020 1449 1068 ita
1485 1020 1794 1084 abscesserat,

385 1095 781 1158 Burgundionum
794 1095 909 1154 dux,
929 1097 1110 1143 cautius
1126 1113 1389 1161 praecavere
1401 1114 1573 1147 curans
1587 1117 1732 1163 quam
1748 1102 1796 1148 in

385 1172 595 1219 Dinanto
627 1173 804 1220 factum
826 1173 1099 1233 exstitisset,
1134 1190 1194 1221 ne
1215 1174 1420 1221 ecclesiae
1445 1184 1490 1221 et
1516 1178 1799 1230 monasteria

385 1259 648 1313 caeteraque
685 1249 790 1296 loca
825 1265 957 1296 sacra
991 1259 1037 1296 et
1068 1252 1168 1296 Deo
1204 1250 1358 1297 dicata
1392 1252 1635 1299 communi
1668 1253 1800 1301 urbis

385 1326 741 1373 innecterentur
772 1337 915 1391 atque
955 1327 1326 1374 obvolverentur
1366 1328 1615 1388 incendio,
1650 1330 1799 1394 pluri-

386 1421 488 1451 mas
515 1405 638 1452 aedes
671 1405 848 1451 civium
878 1404 1189 1453 circumcirca
1217 1405 1437 1453 ecclesias
1466 1415 1514 1453 et
1535 1423 1668 1455 sacra
1693 1409 1802 1457 loca

385 1482 511 1528 dirui
539 1491 682 1546 atque
712 1481 934 1529 demoliri
969 1482 1108 1541 fecit,
1144 1482 1317 1530 relictis
1339 1484 1683 1532 canonicorum
1711 1485 1800 1533 do-

386 1558 544 1606 mibus
558 1596 571 1620 ‚
605 1559 906 1606 sacerdotum
928 1576 982 1606 ac
1004 1559 1337 1626 religiosorum
1350 1597 1362 1618 ‚
1393 1577 1504 1608 cum
1525 1561 1705 1610 aedibus
1726 1579 1802 1610 sa-

387 1637 501 1697 cris,
528 1654 656 1701 quae,
682 1637 721 1684 si
749 1637 886 1683 simul
913 1653 1080 1684 omnes
1103 1638 1225 1685 intra
1249 1638 1423 1685 moenia
1447 1638 1607 1704 aliqua
1626 1650 1802 1688 coactae

386 1725 560 1774 essent,
580 1732 678 1762 non
697 1731 895 1780 parvam
915 1714 1156 1762 efficerent
1173 1716 1426 1762 civitatem.
1450 1719 1625 1764 Caetera
1641 1728 1801 1766 autem
1822 1720 1830 1726 '

387 1792 518 1839 urbis
555 1792 754 1841 aedificia
795 1793 894 1856 igni
936 1792 1212 1858 populanda
1258 1792 1466 1856 reliquit.
1512 1794 1801 1859 Pertulitque

386 1867 721 1932 hujuscemodi
744 1870 928 1916 cladem
959 1870 1061 1935 ipsa
1082 1869 1243 1916 civitas
1276 1864 1340 1916 ob
1366 1870 1600 1933 insignem
1625 1871 1800 1918 civium

387 1963 586 1994 suorum
608 1946 876 2013 perfidiam3
900 1947 1006 2012 qui,
1035 1963 1123 1994 nec
1146 1947 1405 2012 promissis,
1431 1963 1520 1993 nec
1542 1948 1708 1995 litteris
1727 1948 1802 1995 vel

387 2023 548 2087 sigil'lis
565 2061 576 2083 ,
616 2041 701 2071 seu
733 2023 1039 2071 sacramentis
1056 2059 1068 2083 ‚
1110 2039 1268 2086 neque
1297 2023 1439 2070 etiam
1463 2022 1713 2070 obsidibus
1739 2024 1801 2072 ab

387 2102 453 2147 eis
485 2103 711 2167 receptis,
739 2101 1002 2165 dirutisque
1033 2101 1274 2148 moenibus
1298 2111 1345 2148 et
1367 2101 1509 2149 armis
1541 2102 1803 2165 suislabla-

388 2179 446 2225 tis
463 2217 475 2241 ,
502 2179 591 2227 sub
616 2179 734 2241 fide,
760 2180 807 2226 in
827 2195 945 2243 pace
967 2188 1014 2225 et
1036 2178 1373 2242 tranquillitate
1390 2216 1402 2240 ,
1429 2180 1604 2226 servari
1626 2189 1673 2227 et
1694 2181 1803 2227 reti-

388 2261 491 2306 neri
523 2270 782 2325 potuerant
814 2260 930 2324 quin
952 2296 964 2319 ,
1001 2276 1189 2325 semper
1221 2259 1342 2307 furia
1363 2269 1409 2307 et
1432 2259 1564 2310 rabie
1591 2261 1796 2322 invecti,

388 2338 614 2385 omnibus
651 2337 862 2385 finitimis
906 2338 1100 2385 exitium
1148 2337 1447 2384 minarentur
1492 2355 1502 2383 :
1540 2337 1670 2400 justo
1713 2337 1801 2384 Dei

383 2414 565 2478 judicio
595 2414 844 2479 [damnati]
869 2415 931 2462 ad
952 2415 1283 2480 perferendam
1306 2415 1597 2479 reciprocam
1620 2414 1801 2461 confla-

389 2493 614 2556 grationis
636 2502 683 2539 et
706 2493 1038 2540 incendiorum
1059 2493 1238 2549 vicem,
1278 2507 1394 2554 quas
1424 2492 1732 2539 conterminis
1754 2501 1802 2539 et

388 2570 555 2617 vicinis
588 2570 683 2617 suis
706 2579 901 2634 perante
923 2569 1227 2632 injustissime
1248 2569 1530 2626 intulerant,
1564 2586 1675 2621 cum
1700 2569 1801 2633 jam

334 2694 341 2699 ,
389 2664 557 2696 eorum
586 2646 808 2695 curandae
838 2646 1212 2710 cohibendaeque
1237 2647 1430 2693 insaniae
1458 2647 1643 2699 nullum
1670 2646 1799 2699 aliud

388 2724 722 2773 medicamenti
744 2739 893 2788 genus
911 2739 1153 2787 superesse
1177 2722 1428 2770 videretur.

457 2806 510 2849 ln
539 2819 637 2866 quo
673 2801 887 2866 profecto
922 2799 1174 2846 illustrium
1202 2800 1472 2865 principum
1501 2801 1796 2864 Burgundio-
