2054 3470
401 389 476 426 ³10
762 389 1103 427 HISTORIARUM
1131 389 1366 427 LUDOVICI
1394 391 1451 427 xl

397 477 580 526 nandas
611 493 740 525 escas
760 514 772 538 ,
799 487 847 524 et
871 493 977 542 quae
1002 477 1218 526 humano
1242 479 1347 526 usui
1370 479 1567 527 minime
1600 496 1700 528 esse
1731 497 1809 527 so·

393 557 494 606 lent
510 595 523 619 ,
567 559 919 623 constringente
946 558 1083 606 famis
1107 558 1292 620 inedia,
1321 569 1617 623 urgerentur.
1645 563 1811 607 Fertur

393 637 521 684 enim
538 637 605 684 ibi
631 636 753 684 libra
768 637 985 684 carnium
1002 637 1118 684 muli
1133 638 1208 685 vel
1223 638 1344 685 asini
1361 638 1652 686 venumdata
1668 638 1811 686 fuisse

394 714 553 761 medio
577 714 763 760 floreno
792 713 1063 776 Aragoniae3
1096 730 1214 778 quas
1240 732 1327 762 nec
1350 732 1439 780 pro
1462 716 1672 763 nummis
1694 716 1810 774 suis,

392 793 476 857 qui
515 791 768 857 cupiebat,
810 791 1103 855 frequentius
1136 792 1328 840 venales
1357 802 1542 857 poterat
1574 793 1805 841 invenire.

391 869 486 916 Sed
515 885 628 916 cum
658 867 884 916 adversus
916 870 1122 915 Francos
1162 868 1433 933 frequenter
1469 870 1729 928 insilirent,
1771 870 1810 917 si

391 946 467 994 vel
498 947 711 1004 asinum,
749 945 826 991 vel
863 944 992 991 aliud
1026 945 1299 1008 jumentum
1333 946 1396 993 ad
1425 963 1476 994 se
1511 947 1699 994 trahere
1728 964 1812 1012 po-

391 1024 617 1082 tuissent,
655 1038 745 1087 pro
793 1039 893 1068 non
923 1021 1115 1068 modico
1155 1021 1276 1069 illud
1309 1032 1490 1088 tropaeo
1524 1023 1806 1072 ducebatur.

393 1101 630 1149 Nonnulla
662 1101 730 1148 eis
758 1099 999 1147 interdum
1025 1100 1223 1164 alicujus
1250 1117 1455 1148 annonae
1487 1103 1697 1166 provisio
1727 1119 1812 1167 per

392 1180 647 1228 Elnensem
667 1178 904 1225 civitatem
925 1215 937 1237 ,
976 1194 1033 1224 ex
1054 1178 1175 1225 mari
1212 1187 1295 1224 aut
1322 1179 1634 1243 Ampuritano
1648 1182 1679 1237 ¹,
1702 1197 1812 1246 pro-

392 1255 610 1304 veniebat
643 1274 654 1301 :
690 1270 835 1319 quam
876 1254 1055 1301 obsessi
1092 1263 1239 1301 noctu
1283 1254 1406 1302 clam
1427 1292 1439 1316 ,
1475 1272 1562 1320 per
1593 1255 1731 1304 devia
1764 1267 1813 1304 et

393 1333 548 1381 varios
578 1332 804 1378 itinerum
833 1331 1098 1392 anfractus,
1126 1332 1251 1378 intra
1271 1348 1357 1379 sua
1379 1332 1555 1379 moenia
1577 1348 1688 1379 cum
1712 1349 1813 1380 ma-

393 1410 498 1473 gnis
522 1409 741 1475 periculis
766 1408 1026 1472 aliquando
1045 1408 1362 1470 invehebant3
1389 1409 1474 1456 sed
1494 1409 1544 1456 id
1566 1425 1677 1456 raro
1695 1419 1742 1456 et
1763 1409 1813 1456 in

392 1495 490 1532 tam
514 1485 682 1548 exigua
705 1484 984 1548 quantitate,
1018 1499 1124 1547 quae
1145 1500 1236 1531 nec
1259 1484 1347 1530 toti
1373 1482 1574 1531 obsessae
1595 1483 1816 1531 multitu-

395 1563 522 1623 dini,
554 1578 673 1620 nec,
710 1561 800 1608 nisi
824 1561 885 1608 ad
924 1560 1171 1607 modicum
1209 1570 1431 1626 tempus,
1470 1559 1690 1608 sufficere
1725 1577 1814 1626 po-

394 1641 577 1687 tuisset.

459 1716 777 1765 Persistebant
798 1726 956 1764 tamen
983 1717 1144 1777 etiam,
1170 1715 1218 1762 in
1243 1724 1373 1762 tanta
1395 1731 1553 1762 rerum
1577 1715 1810 1778 angustia,

392 1812 442 1842 se
463 1812 573 1842 cum
593 1811 680 1840 suo
704 1811 811 1858 rege
837 1794 1035 1841 viriliter
1058 1792 1341 1852 defendere;
1369 1802 1417 1839 et
1436 1791 1679 1840 interdum
1700 1808 1813 1839 cum

394 1888 569 1935 magno
604 1872 792 1935 agmine
824 1888 850 1917 e
881 1871 1033 1935 portis
1069 1878 1390 1934 erumpentes,
1424 1867 1732 1933 quamplures
1756 1884 1813 1915 ex

392 1949 610 1997 hostibus
625 1987 637 2010 ,
674 1949 935 2014 praesertim
959 1949 998 1994 si
1023 1956 1338 2010 evagarentur
1368 1945 1602 1993 incautius
1625 1955 1674 1992 et
1699 1945 1813 1992 lon-

394 2028 498 2091 gius
520 2044 546 2074 e
568 2027 730 2074 castris
757 2042 858 2073 sese
883 2024 1184 2071 effunderent
1201 2060 1212 2082 ,
1244 2022 1548 2088 perimebant
1570 2023 1645 2070 vel
1668 2022 1813 2070 duce—

394 2105 512 2151 bant
546 2105 785 2168 captivos3
828 2103 892 2149 ita
927 2101 1061 2165 quod
1092 2101 1236 2147 etiam
1278 2100 1462 2164 aliquot
1493 2100 1554 2148 de
1595 2099 1814 2146 hostibus

394 2181 561 2242 millia,
589 2197 674 2245 per
690 2180 843 2226 varias
866 2179 992 2225 vices
1008 2214 1020 2237 ,
1047 2177 1309 2224 trucidasse
1334 2177 1632 2236 ferebantur,
1659 2187 1706 2224 et
1727 2176 1814 2224 ali-

395 2257 590 2323 quando
608 2257 668 2303 de
687 2256 936 2321 praecipuis
953 2255 1156 2302 militum
1170 2257 1463 2302 Francorum
1476 2254 1680 2302 ducibus
1696 2270 1814 2300 non-

395 2334 554 2382 nullos
575 2333 830 2381 abduxisse
846 2332 1061 2397 captivos
1075 2333 1105 2377 ².

447 2528 485 2563 1.
517 2527 693 2564 Elnensis
705 2527 852 2570 civitas,
870 2521 909 2560 la
927 2520 1020 2559 ville
1045 2519 1263 2572 episcopale
1282 2519 1432 2568 d’EIne,
1454 2518 1700 2568 aujourd’hui
1718 2519 1814 2558 dans

392 2588 428 2625 le
446 2585 711 2636 departement
734 2581 801 2620 des
821 2578 1269 2631 Pyrenees-Orientales5
1291 2582 1581 2628 Ampuritanum
1595 2607 1606 2626 ‚
1634 2577 1670 2615 le
1687 2578 1812 2615 comte

393 2642 639 2695 d’Ampurias
657 2655 709 2680 ou
731 2639 1028 2692 Lampourdan,
1046 2639 1140 2677 dans
1160 2638 1198 2676 la
1217 2638 1439 2691 Catalogne.

447 2706 486 2742 2.
513 2706 568 2742 Le
601 2701 781 2754 seigneur
809 2699 863 2737 du
891 2701 973 2736 Lau
998 2697 1231 2745 lui-meme,
1260 2696 1355 2749 dans
1389 2710 1465 2735 une
1497 2696 1614 2735 sortie
1646 2695 1742 2752 qu'il
1772 2696 1815 2734 fit

392 2765 482 2803 hors
509 2762 562 2801 du
580 2760 756 2807 chateau,
777 2772 818 2798 se
841 2758 955 2797 laissa
973 2756 1140 2810 prendre
1168 2769 1238 2807 par
1263 2769 1340 2794 une
1366 2756 1594 2808 compagnie
1618 2755 1668 2794 de
1691 2755 1813 2807 parti-

392 2836 478 2863 sans
494 2822 560 2874 qui
580 2821 702 2860 s'ctait
720 2819 866 2858 forme'e
885 2831 973 2856 sous
991 2817 1028 2855 le
1047 2829 1137 2855 nom
1158 2815 1206 2854 de
1223 2817 1393 2863 Lacaylu·
1417 2816 1614 2867 (laquais).
1636 2815 1811 2854 Relation

393 2883 520 2920 d’Ant.
543 2884 697 2927 passm,
720 2879 747 2916 l.
771 2892 803 2916 c.
