2054 3470
763 342 909 379 LIBER
934 340 1160 387 anvms
1593 340 1670 377 409

260 432 449 481 suas-de
467 432 683 498 principe
706 440 848 494 atque
869 429 965 475 suis
987 428 1309 492 querimonias
1331 427 1661 493 depromebat.

260 509 540 558 Asserebant
577 509 706 556 enim
740 523 792 554 se
827 506 965 552 novis
1000 515 1047 551 et
1082 505 1325 568 exquisitis
1361 505 1668 568 vectigalibus

258 597 402 652 atque
423 604 569 635 onere
591 585 802 650 gravium
824 582 1134 630 collationum
1159 582 1334 628 mirum
1360 582 1411 628 in
1438 582 1638 629 modum
1652 619 1664 643 ,

257 682 401 731 supra
426 665 596 712 virium
621 662 912 720 facultatem,
941 670 1164 719 onustOS,
1192 676 1282 707 nec
1306 660 1550 724 promissis
1575 660 1670 707 suis

257 752 304 790 et
331 742 608 806 juramentis
639 740 904 805 principem
939 738 1206 799 attendere,
1246 736 1448 802 quibus,
1486 737 1668 784 nedum

257 819 417 878 initio,
453 835 562 866 cum
596 827 830 865 terrarum
859 816 1209 882 possessionem
1238 824 1405 862 nactus
1438 805 1554 873 suit,
1584 814 1667 862 sed

255 898 394 944 etiam
425 896 734 962 postmodum
767 895 1038 960 frequenter
1064 893 1238 940 accolis
1265 902 1523 953 terrarum,
1555 909 1668 939 cum

255 975 462 1040 aliquam
501 974 562 1022 ab
600 975 667 1021 eis
704 983 885 1039 peteret
918 972 1231 1038 pecuniarum
1267 970 1634 1017 subventionem
1653 1004 1665 1028 ,

250 1053 492 1118 pollicitus
527 1052 678 1099 fuerat
721 1068 794 1112 se,
823 1050 941 1097 infra
980 1050 1238 1096 terminum
1271 1048 1408 1096 dictae
1444 1047 1668 1095 saciendae

253 1131 494 1178 collationi
517 1130 847 1195 praestitutum,
863 1129 1005 1175 aliam
1027 1145 1077 1174 se
1095 1127 1292 1174 minime
1313 1143 1414 1174 esse
1432 1126 1668 1173 facturum

253 1208 327 1270 vel
357 1209 709 1273 requisiturum.
736 1209 839 1253 Hoc
867 1222 1039 1270 nempe
1066 1205 1153 1252 etsi
1184 1204 1443 1269 aliquando
1471 1214 1518 1250 et
1546 1220 1669 1269 saepe

253 1285 570 1350 promisisset,
598 1284 794 1331 minime
816 1292 999 1342 tamen,
1033 1292 1084 1329 ut
1113 1281 1324 1340 aiebant,
1358 1280 1664 1341 observabat;

253 1361 334 1408 sed
358 1378 583 1409 concessa
602 1371 744 1426 atque
758 1360 955 1419 indicta,
977 1368 1077 1406 esto
1098 1360 1257 1423 gravia
1275 1369 1322 1406 et
1340 1358 1402 1406 ad
1420 1358 1667 1406 ferendum

253 1439 555 1502 difficillima,
584 1440 722 1486 novis
743 1437 1077 1503 superindictis
1100 1435 1426 1502 frequentibus
1450 1435 1666 1482 cumula-

250 1515 348 1563 bat.
369 1511 512 1580 Cujus
534 1517 669 1563 oneri
686 1525 731 1563 et
745 1515 1002 1579 gravamini
1021 1530 1274 1579 gravamen
1298 1513 1667 1578 superadjiciens

252 1601 393 1656 atque
413 1609 678 1658 apponens,
704 1609 762 1640 ex
782 1592 857 1639 his
880 1592 1106 1640 omnibus
1128 1602 1271 1656 atque
1295 1591 1412 1648 aliis,
1437 1607 1541 1654 quae
1564 1590 1668 1637 lon-

252 1685 363 1732 gum
383 1671 524 1717 nimis
545 1671 664 1717 foret
684 1680 910 1731 retexere,
933 1670 1093 1717 videre
1110 1679 1210 1717 erat
1230 1668 1666 1716 murmurationum

251 1764 339 1812 per
356 1748 573 1794 omnium
596 1747 691 1794 sere
714 1763 816 1806 ora,
839 1747 885 1794 in
906 1747 1043 1794 terris
1064 1747 1172 1803 illis,
1195 1745 1342 1793 verba
1360 1755 1661 1811 percurrere;

250 1825 315 1872 ita
339 1835 390 1872 ut
415 1826 630 1890 profecto
655 1825 718 1873 ad
741 1825 1057 1872 desectionem
1094 1824 1169 1871 vel
1192 1833 1404 1889 apertam
1429 1839 1483 1870 ac
1512 1825 1666 1870 mani-

251 1903 416 1950 festam
438 1903 777 1950 discessionem
806 1903 1119 1968 propinquari
1149 1901 1416 1960 videretur;
1439 1910 1483 1946 et
1502 1917 1666 1948 revera

251 1979 622 2046 ad'principem,
650 1997 794 2045 quem
816 1980 1074 2044 aliquando
1099 1997 1263 2027 carum
1283 1978 1582 2035 habuissent,
1608 1995 1664 2025 ex

251 2056 484 2119 praedictis
497 2066 544 2105 et
555 2057 656 2103 aliis
673 2057 842 2118 causis,
864 2073 1078 2104 amorem
1097 2067 1143 2104 et
1162 2055 1547 2103 benevolentiam
1564 2072 1662 2102 non

251 2132 407 2179 solum
435 2126 722 2196 refriguisse,
753 2134 837 2181 sed
868 2135 1122 2182 exstinctos
1149 2135 1308 2199 potius
1334 2133 1660 2195 ostentabant,

251 2219 298 2256 et
329 2209 390 2257 ab
425 2226 593 2257 eorum
624 2210 868 2258 affectibus
903 2212 1180 2260 indicabant
1211 2211 1492 2258 abcessisse:
1534 2210 1664 2257 unde

249 2285 362 2346 sibi,
388 2297 831 2352 quantumcumque
849 2290 1140 2354 reposcenti,
1163 2289 1335 2336 auxilia
1362 2289 1546 2334 mittere
1569 2304 1662 2334 ne-

249 2375 420 2427 garint.
1495 2416 1499 2417 ⁷

316 2442 525 2488 Fuerunt
552 2452 711 2489 tamen
734 2459 788 2489 ex
814 2442 1056 2489 nobilibus
1081 2442 1325 2501 nonnulli,
1356 2452 1410 2488 ut
1437 2440 1662 2488 dominus

250 2517 310 2564 de
334 2521 535 2565 Nassoe¹
559 2527 607 2566 et
634 2519 860 2566 dominus
885 2519 944 2566 de
972 2522 1135 2582 ery’,
1164 2521 1270 2584 qui,
1297 2519 1494 2567 collecta
1517 2535 1661 2582 quam

249 2602 508 2657 potuerunt
538 2596 756 2660 equitum
785 2613 954 2655 manu,
988 2597 1031 2643 ei
1057 2596 1119 2644 ad
1149 2596 1400 2644 ferendum
1432 2595 1659 2643 auxilium

307 2780 343 2815 1.
374 2778 572 2830 Engilbert
590 2779 638 2817 de
656 2781 816 2819 Nassau.
880 2827 883 2829 Α

305 2840 343 2875 2.
374 2839 550 2891 Philippe
571 2840 620 2878 de
637 2842 752 2890 Croy,
774 2849 898 2879 comte
917 2840 965 2879 de
987 2841 1161 2893 Chimay.
