2054 3470
726 310 873 346 mmm
911 310 1140 358 Qum-ms.
1565 314 1641 351 389

233 397 517 463 corporibus
544 398 795 463 coepissent
828 397 1106 445 incumbere
1122 435 1134 457 ,
1159 398 1400 462 extemplo
1424 415 1536 446 ecce
1560 401 1645 464 qui

232 485 538 524 accurrerunt
558 475 670 522 duci
688 474 907 522 nuntiare
936 474 1138 538 qualiter
1159 475 1399 522 Suitenses
1427 492 1454 522 e
1479 478 1644 525 castris

232 554 327 600 suis
347 552 540 600 exibant
562 562 633 612 et,
658 568 769 600 cum
793 552 939 616 signis
962 550 1247 599 militaribus
1266 561 1313 599 et
1333 552 1526 600 aciebus
1547 554 1644 601 dis-

232 630 423 695 positis,
445 635 545 695 jam
578 629 776 694 propius
798 628 861 676 ad
882 645 994 676 suos
1017 628 1426 694 propinquabant.
1460 629 1645 688 Quibus

233 723 344 754 cum
365 706 461 754 dux
494 698 691 753 minime
723 705 920 753 credere
943 705 1110 766 vellet,
1137 706 1252 770 quin
1282 706 1423 754 etiam
1453 707 1646 755 cuidam

234 782 384 830 nobili
417 783 589 848 equiti,
615 783 698 847 qui
731 783 782 829 id
821 799 871 830 se
911 783 1080 831 vidisse
1113 782 1370 845 referebat,
1397 799 1564 849 aspera
1600 794 1647 832 et

233 859 467 926 probrosa
487 860 634 908 verba
654 860 936 908 reddidisset
949 896 962 920 ,
985 860 1064 907 alii
1086 870 1229 925 atque
1252 860 1331 933 alii
1352 877 1466 908 mox
1485 877 1647 926 super-

233 937 455 999 veniunt,
486 939 784 1003 superiorum
817 936 974 984 verbis
1008 937 1377 1002 adstipulantes3
1416 937 1649 986 addentes

232 1015 375 1063 etiam
387 1015 519 1079 quod
529 1015 629 1079 jam
648 1013 798 1080 [cum]
813 1015 925 1075 suis,
947 1031 1068 1080 quos
1081 1015 1131 1061 in
1148 1014 1368 1079 praesidio
1386 1015 1644 1076 locaverat,

234 1109 404 1141 manus
430 1102 752 1140 consererent.
783 1091 967 1150 Quibus
991 1092 1059 1139 sic
1085 1091 1285 1151 auditis,
1312 1092 1413 1156 ipse
1442 1091 1543 1139 dux
1573 1109 1650 1140 re-

234 1178 378 1235 pente
420 1185 532 1216 suos
576 1168 748 1216 armari
792 1177 839 1214 et
884 1156 1032 1232 equos
1074 1167 1399 1214 conscendere
1433 1167 1608 1231 jubens
1632 1205 1645 1229 ‚

234 1263 413 1311 equum
449 1256 495 1293 et
531 1246 631 1311 ipse
664 1261 774 1292 cum
804 1245 883 1304 iis,
912 1261 1033 1310 quos
1059 1261 1221 1292 secum
1248 1254 1440 1310 paratos
1469 1245 1649 1294 habere

234 1325 408 1391 potuit,
433 1323 711 1372 conscendit
727 1332 774 1370 et
794 1323 1020 1370 adversus
1036 1321 1197 1370 hostes
1212 1322 1478 1370 contendit.
1508 1324 1648 1387 Atqui

235 1419 348 1452 cum
378 1402 593 1450 debitum
627 1401 847 1449 ordinem
875 1403 924 1448 in
955 1402 1051 1448 suis
1082 1401 1370 1466 disponendi
1397 1402 1648 1466 repentina

234 1479 444 1527 hostium
479 1495 755 1543 aggressura
787 1478 983 1525 minime
1019 1478 1333 1542 permisisset,
1371 1479 1455 1542 qui
1487 1487 1647 1526 tamen

234 1574 347 1605 cum
362 1573 537 1620 magno
554 1557 724 1604 ordine
742 1565 788 1602 et
800 1555 951 1620 sagaci
971 1555 1285 1619 dispositione
1300 1554 1644 1619 procedebant,

194 1671 211 1679 ,
234 1634 296 1681 ad
320 1634 531 1698 primum
562 1633 776 1680 hostium
806 1642 1118 1697 conspectum
1142 1631 1506 1695 Burgundiones
1522 1670 1534 1692 ,
1564 1633 1648 1697 qui

235 1711 296 1759 de
322 1711 462 1758 sociis
495 1711 592 1758 suis
625 1710 674 1756 in
710 1708 929 1774 praesidio
962 1719 1010 1756 et
1040 1709 1258 1756 custodia
1290 1708 1488 1770 relictis,
1514 1726 1649 1757 acce—

236 1787 715 1846 dentibus'inimicis‚
747 1786 808 1834 ad
836 1803 886 1834 se
914 1803 1016 1833 non
1047 1786 1177 1833 aliud
1198 1802 1345 1850 quam
1369 1787 1502 1834 triste
1524 1804 1649 1834 nun-

237 1865 356 1912 tium
386 1863 704 1929 accipiebant,
744 1863 804 1910 de
826 1862 957 1910 nulla
979 1863 1256 1910 defensione
1278 1880 1361 1912 seu
1385 1864 1649 1912 resistentia

234 1941 455 1989 hostibus
476 1941 766 2006 opponenda
787 1956 876 1987 nec
899 1940 961 1987 de
982 1940 1076 1987 alio
1099 1940 1330 2000 remedio,
1349 1941 1442 1988 nisi
1462 1941 1524 1988 de
1548 1941 1649 1988 sola

210 2018 368 2083 'fuga‚
411 2019 700 2083 cogitantes,
734 2017 932 2065 confuse
968 2027 1016 2064 et
1047 2017 1452 2066 inordinatissime
1484 2018 1647 2082 fugam

236 2097 555 2160 arripuerunt.
1465 2112 1468 2114 ·

304 2175 474 2219 Hostes
493 2181 668 2232 autem,
685 2188 714 2218 a
733 2182 865 2234 tergo
879 2188 961 2219 eos
979 2172 1199 2233 insecuti,
1217 2171 1436 2237 peditum
1453 2171 1649 2236 quidem

239 2259 287 2296 et
307 2248 657 2312 sagittariorum
672 2284 684 2307 ,
709 2249 792 2310 qui
822 2264 997 2312 magno
1031 2265 1235 2296 numero
1263 2258 1420 2307 erant,
1445 2258 1650 2311 stragem

239 2327 461 2389 maguam
488 2325 719 2372 fecerunt.
749 2324 944 2371 Plurimi
976 2325 1118 2371 etiam
1146 2326 1362 2389 equitum
1392 2325 1551 2383 ducis,
1575 2324 1651 2371 vel

240 2420 269 2450 a
292 2402 588 2467 pedestribus
623 2402 773 2467 copiis
801 2402 1088 2448 Suitensium
1120 2402 1444 2461 circumclusi,
1477 2402 1553 2448 vel
1589 2401 1650 2448 ab

240 2480 479 2545 equitibus
518 2480 774 2544 persecuti,
814 2480 919 2526 caesi
955 2480 1270 2544 prostratique
1307 2480 1513 2527 fuerunt.
1556 2481 1651 2525 Nec

242 2557 338 2604 hoc
366 2556 560 2621 quidem
589 2556 781 2604 difficile
810 2557 989 2616 suerat,
1015 2573 1126 2603 cum
1160 2558 1192 2603 ii
1225 2557 1495 2621 nullopere¹
1531 2555 1652 2601 hos-

245 2636 363 2683 tium
404 2635 799 2698 consequentium
837 2635 1071 2695 invasioni
1110 2635 1438 2694 obluctantes,
1468 2623 1597 2678 nulla
1626 2649 1652 2678 e

299 2800 336 2834 1.
370 2800 415 2834 In
433 2800 534 2835 nullo
551 2810 601 2846 pe
620 2796 714 2835 dans
736 2797 773 2835 le
792 2810 864 2835 ms.
