2054 3470
753 344 900 380 LIBER
930 342 1197 380 SECUNDUS.
1621 345 1638 380 1
1648 344 1697 381 73

290 433 498 482 incendii
522 430 797 497 magnitudo
821 429 989 478 eadem
1010 429 1111 494 pari
1140 445 1251 475 cum
1281 430 1459 476 caeteris
1489 430 1697 479 aedificiis

290 511 555 559 calamitate
577 506 854 556 involveret.
877 506 1048 552 Moenia
1070 521 1264 568 quoque
1286 515 1333 552 et
1354 515 1507 553 turres
1533 524 1699 555 omnes

291 589 480 652 dejectoe
502 595 633 645 sunt,
660 594 706 633 et
727 584 903 631 vallum
925 582 1304 648 complanatum,
1334 583 1562 648 locusque
1584 601 1700 631 san-

290 667 409 714 citus
438 680 499 711 ne
518 662 734 729 posthac,
760 661 810 707 in
832 660 1113 707 memoriam
1136 659 1472 707 sceleratorum
1501 662 1695 721 civium,

289 743 503 809 quisnam
530 740 627 787 illic
654 737 884 786 aedificare
911 746 991 785 aut
1021 737 1335 784 habitationes
1359 737 1511 785 facere
1543 748 1696 787 atten-

289 819 448 866 taret&

349 894 566 941 Mulieres
594 910 709 941 vero
726 929 739 953 ‚
770 909 867 956 quo
893 891 1091 949 vellent,
1119 908 1229 938 cum
1264 891 1340 939 his
1373 891 1548 956 quibus
1584 910 1699 959 ope-

287 968 531 1018 riebantur
555 970 867 1031 indumentis,
891 968 1039 1016 libere
1061 967 1193 1016 abire
1219 970 1459 1034 permissae
1481 979 1590 1017 sunt
1600 972 1631 1017 ².

350 1051 408 1096 Et
432 1047 528 1094 hoc
558 1048 751 1112 quidem
772 1047 965 1095 exitium
987 1048 1245 1093 Dinantum
1267 1048 1471 1113 accepit;
1499 1058 1545 1095 et
1570 1048 1701 1097 hunc

285 1140 581 1184 succursum,
601 1124 701 1172 haec
719 1123 1046 1189 opitulationis
1067 1122 1251 1182 solatia,
1270 1123 1395 1171 hanc
1412 1124 1523 1172 fidei
1539 1125 1699 1173 obser-

284 1203 493 1250 vantiam
529 1211 671 1266 atque
704 1202 1006 1248 tenacitatem
1043 1200 1171 1265 apud
1199 1201 1520 1263 Ludovicum,
1555 1206 1700 1250 Fran·

284 1295 452 1326 corum
486 1295 673 1343 regem,
714 1287 828 1325 tunc
863 1278 1065 1336 invenit;
1103 1277 1165 1325 de
1201 1277 1376 1342 quibus
1404 1295 1503 1326 non
1541 1281 1700 1328 minus

285 1355 550 1416 confidere,
577 1371 722 1420 quam
749 1357 1015 1418 Saguntum
1043 1355 1158 1402 olim
1192 1355 1252 1402 de
1287 1357 1533 1416 RomaniS‚
1567 1358 1698 1405 vide-

285 1431 442 1480 batur.

723 1578 1065 1624 CAPITULUM
1098 1580 1261 1625 XVIII.

449 1703 502 1737 De
516 1702 640 1737 iterato
656 1709 786 1736 conatu
804 1700 1052 1736 Leodiensium
1069 1709 1103 1736 et
1118 1714 1204 1748 pace
1219 1702 1269 1739 eis
1282 1702 1408 1737 iterum
1426 1702 1508 1739 data
1517 1731 1528 1747 ‚

737 1756 886 1803 acceptis
902 1755 947 1790 ab
965 1755 1014 1790 eis
1028 1755 1212 1791 obsidibus
1222 1756 1249 1790 ⁵.

302 1929 305 1933 ᾗ
350 1874 633 1922 Leodienses
662 1885 819 1922 autem
848 1883 895 1922 et
923 1891 982 1922 ex
1013 1873 1115 1921 aliis
1145 1875 1307 1940 patriae
1338 1876 1526 1941 oppidis
1555 1887 1698 1942 atque

283 1949 405 1998 villis
425 1953 608 2017 populi,
634 1968 735 2000 sese
758 1952 807 1999 in
831 1968 982 1998 unum
1007 1967 1175 2016 agmen
1201 1962 1440 2016 cogentes,
1466 1970 1578 2002 cum
1602 1956 1698 2004 suis

282 2105 510 2155 Bomynes,
531 2107 553 2143 a
578 2104 617 2143 la
639 2113 750 2158 grant
776 2112 953 2156 requeste
972 2103 1021 2142 de
1042 2103 1156 2142 ceulx
1174 2103 1284 2143 dudit
1308 2108 1526 2159 Bouvynes.
1552 2125 1570 2142 ι»
1594 2109 1693 2148 Phil.

285 2162 334 2202 de
355 2165 586 2212 Commines,
606 2164 634 2204 l.
653 2167 707 2212 ΙΙ,
726 2164 788 2203 ch.
807 2179 836 2202 1.

337 2224 376 2260 1.
409 2241 427 2258 οι
445 2226 492 2262 Et
509 2224 705 2262 tellement
730 2238 755 2275 y
771 2224 828 2262 sut
843 2223 1027 2276 besoigne
1044 2237 1135 2275 que,
1158 2233 1294 2275 quatre
1309 2225 1419 2274 jours
1439 2229 1552 2279 apres
1575 2228 1611 2267 le
1631 2230 1695 2268 seu

284 2281 410 2333 prim,
431 2283 543 2322 ceulx
571 2297 648 2335 quy
672 2284 920 2336 regardaient
946 2286 980 2322 la
1004 2284 1113 2335 place
1137 2286 1188 2322 οὺ
1208 2286 1245 2323 la
1268 2286 1356 2324 ville
1378 2287 1482 2325 avoit
1503 2291 1596 2338 este,
1618 2302 1692 2340 po-

283 2342 414 2380 voient
434 2343 516 2382 dire
535 2359 544 2381 2
568 2346 624 2395 Cy
644 2343 725 2382 seut
744 2342 919 2394 Dynant!
938 2363 954 2377 u
977 2347 1140 2395 Jacques
1159 2343 1365 2396 Duclercq,
1386 2346 1413 2384 l.
1435 2349 1482 2394 V,
1502 2347 1565 2384 ch.
1587 2361 1652 2388 Lx.

336 2403 376 2440 2.
410 2417 429 2436 c
444 2405 498 2440 Le
517 2412 642 2442 comte
663 2403 731 2441 seit
748 2404 887 2441 vuider
903 2403 994 2440 hors
1012 2403 1059 2441 de
1078 2402 1115 2440 la
1132 2403 1224 2441 ville
1243 2404 1297 2442 les
1316 2413 1424 2454 gents
1443 2405 1615 2458 d'cglise‚
1640 2407 1695 2445 les

286 2458 444 2499 femmes
461 2470 500 2500 et
518 2464 630 2515 petits
653 2465 818 2511 ensants,
843 2471 880 2501 et
899 2463 954 2501 les
973 2463 1042 2500 seit
1058 2462 1244 2501 conduire
1264 2477 1335 2514 par
1353 2477 1413 2502 ses
1430 2473 1538 2516 gents
1553 2465 1695 2518 jusque

284 2522 373 2571 pres
393 2523 442 2561 de
459 2523 497 2562 la
513 2525 586 2563 cite
605 2526 653 2564 de
674 2526 807 2578 Liege,
828 2539 876 2564 en
897 2526 982 2564 leur
1002 2525 1172 2563 donnant
1194 2526 1330 2578 congie
1347 2535 1384 2564 et
1402 2540 1450 2565 en
1466 2527 1520 2565 les
1540 2528 1694 2565 laissant

284 2579 463 2620 delivrer.
492 2586 711 2635 Lesquelles
741 2587 914 2632 Iemmes,
946 2584 1058 2636 petits
1089 2584 1238 2622 enfants
1267 2593 1306 2622 et
1331 2595 1438 2637 gents
1465 2586 1647 2638 d'eglise‚
1671 2588 1693 2625 a

284 2638 396 2678 l’issir
409 2641 506 2680 dela
517 2644 624 2692 ville,
639 2646 819 2692 jetterent
837 2645 953 2683 deulx
969 2658 1020 2682 ou
1033 2644 1126 2682 trois
1139 2644 1213 2682 cris
1228 2658 1271 2696 sy
1285 2646 1461 2683 terribles
1477 2653 1515 2683 et
1527 2646 1690 2696 piteulx,

284 2710 360 2749 que
378 2708 463 2738 tous
481 2704 590 2740 ceulx
615 2704 682 2754 qui
703 2704 758 2742 les
776 2712 941 2755 ouyrent
964 2712 1101 2742 eurent
1129 2703 1221 2755 pitie
1246 2713 1284 2742 et
1308 2713 1471 2743 terreur.
1488 2721 1504 2738 »
1530 2707 1692 2755 Jacques

286 2757 496 2809 Duckzrcq,
519 2759 548 2798 l.
570 2762 617 2810 V,
640 2762 702 2800 ch.
725 2776 804 2801 mx.

341 2818 378 2854 3.
408 2816 588 2868 Chapitre
606 2818 736 2870 publie
751 2820 846 2858 dans
865 2821 1138 2870 l'Amplissima
1151 2824 1336 2869 collectio,
1360 2830 1387 2858 t.
1410 2825 1476 2871 IV,
1499 2822 1573 2859 col.
1597 2823 1688 2862 751.
