2054 3470
439 319 490 355 70
801 319 1145 358 HISTORIARUM
1170 319 1408 358 LUDOVICI
1432 319 1490 356 XI

439 405 530 453 sibi
552 422 805 454 concessos
819 442 832 466 ,
859 406 1126 466 revocavit,
1152 405 1471 471 daturumque
1493 422 1544 454 se
1567 422 1765 472 operam
1785 417 1855 455 at-

441 499 535 548 que
557 483 786 548 juvamen
816 483 877 530 ad
905 499 1017 530 eum
1044 484 1252 531 severius
1288 482 1608 532 coercendum
1639 493 1687 531 et
1715 484 1857 532 casti-

407 550 415 553 *
444 560 655 625 gaudum
687 561 893 625 genitori
923 577 1011 608 suo
1046 561 1243 621 obtulit,
1270 562 1309 608 si
1332 561 1427 608 hoc
1451 570 1670 626 expetere
1695 561 1852 609 vellet.

442 637 537 685 Sed
569 638 677 703 pius
710 646 862 702 pater,
899 636 1038 684 altius
1069 648 1230 684 mente
1273 637 1581 685 considerans
1623 653 1857 702 quorsum

442 715 543 763 haec
565 715 884 778 castigationis
905 713 1086 761 oblatio
1106 714 1386 780 procederet
1407 731 1462 762 ac
1484 714 1717 775 tenderet,
1742 715 1858 762 actis

442 793 646 858 proinde
671 793 830 856 gratiis
854 792 975 855 regi,
1005 808 1061 839 ea
1086 809 1136 838 se
1161 792 1356 839 minime
1377 792 1591 856 indigere
1615 793 1758 853 dixit,
1785 809 1856 840 se-

444 888 539 935 que
566 870 628 918 ad
657 870 985 934 castigandum
1017 869 1168 916 filium
1197 886 1361 929 suum,
1395 887 1507 917 cum
1534 869 1698 930 vellet,
1729 869 1859 918 suffi-

445 964 576 1006 cere3
600 947 825 1002 adversus
843 963 987 1011 quem
1005 963 1105 994 non
1125 946 1247 994 adeo
1268 946 1533 1011 indignatio
1550 947 1651 1011 ejus
1663 963 1861 995 accensa

445 1034 568 1083 erat,
596 1024 731 1088 quod
754 1024 962 1071 severius
984 1023 1164 1087 aliquid
1187 1024 1236 1070 in
1265 1040 1378 1071 eum
1407 1024 1573 1087 (quem
1598 1040 1698 1071 non
1725 1040 1861 1071 secus

446 1118 592 1165 quam
619 1102 829 1166 seipsum
855 1100 1096 1164 diligeret)
1129 1100 1268 1148 statui
1300 1110 1382 1148 aut
1409 1100 1565 1148 ultum
1591 1101 1649 1148 iri
1676 1101 1863 1149 deside-

447 1188 591 1227 raret.

905 1345 1074 1391 CAPIT
1076 1345 1247 1391 ULUM
1280 1345 1402 1390 XXI.

449 1481 609 1526 Qualiter
624 1493 700 1524 rex,
715 1493 783 1528 pro
799 1480 939 1516 luendis
954 1480 1055 1515 terris
1069 1479 1238 1515 Picardiae
1256 1479 1449 1527 pignoratis
1463 1478 1547 1515 duci
1562 1480 1791 1528 Burgundiae,
1807 1479 1870 1516 dc*

494 1535 609 1582 posita
626 1547 703 1581 quae
725 1535 762 1569 in
782 1534 927 1569 ecclesia
945 1534 1132 1569 Parisiensi
1154 1534 1396 1577 servabantur,
1415 1534 1495 1568 tulit
1507 1561 1517 1575 ‚
1541 1543 1576 1570 et
1594 1533 1711 1570 edicto
1730 1547 1869 1582 propo-

495 1590 563 1624 sito
579 1590 715 1625 cunctis
729 1589 884 1625 venandi
902 1598 1109 1637 potestatem
1125 1597 1160 1623 et
1174 1589 1374 1623 facultatem
1390 1586 1536 1623 ademit.

515 1709 609 1757 Sed
634 1726 744 1757 cum
768 1700 869 1756 haec
891 1710 955 1755 ita
974 1708 1300 1766 decurrerent,
1320 1717 1535 1771 essetque
1552 1707 1602 1754 in
1619 1705 1873 1754 Hollandia

454 1787 673 1852 praefatus
702 1787 929 1833 dominus
963 1802 1125 1833 comes
1156 1784 1218 1831 de
1252 1783 1522 1843 Chat-olois,
1557 1793 1610 1830 ut
1640 1783 1867 1841 diximus,

453 1865 503 1910 in
525 1864 740 1910 animum
764 1879 905 1910 suum
923 1861 1109 1908 induxit
1127 1864 1421 1908 Francorum
1443 1876 1527 1906 rex
1549 1869 1696 1907 terras
1721 1861 1873 1907 Picar-

455 1939 544 1987 diae
562 1957 705 2005 super
720 1941 898 1987 flumen
917 1940 1191 1985 Summonae
1208 1946 1255 1983 et
1271 1936 1410 1993 ultra,
1430 1953 1592 1983 versus
1611 1935 1871 2001 Flandrias,

457 2034 484 2065 a
513 2027 649 2082 patre
678 2034 790 2074 suo,
815 2018 905 2082 piae
931 2015 1196 2075 memoriae,
1229 2014 1341 2061 duci
1369 2013 1765 2077 Burgundionum
1787 2030 1876 2079 pro

458 2111 646 2141 summa
669 2094 1130 2158 quadringentorum
1156 2091 1284 2138 mille
1308 2101 1555 2139 scutorum
1581 2092 1685 2139 auri
1706 2092 1875 2156 pigno-

458 2176 621 2230 ratas¹,
646 2172 776 2218 luere
797 2181 845 2218 et
868 2170 931 2217 ad
952 2187 1000 2217 se
1024 2169 1144 2216 velle
1166 2170 1429 2216 revocare’.

527 2249 598 2297 Ad
621 2249 752 2314 quod
773 2248 1097 2307 efficiendum,
1120 2263 1231 2293 cum
1250 2246 1476 2311 pecunias
1497 2256 1684 2312 paratas
1707 2245 1768 2293 ad
1786 2245 1880 2293 hoc

462 2327 748 2374 sufficientes
767 2326 966 2372 minime
983 2324 1206 2383 haberet,
1230 2324 1386 2370 statim
1406 2323 1466 2370 de
1488 2322 1637 2370 modo
1658 2323 1780 2369 facili
1802 2339 1881 2369 eas

462 2404 738 2451 inveniendi
760 2413 902 2467 atque
926 2404 974 2449 in
998 2419 1149 2449 unum
1170 2400 1454 2465 aggregandi
1477 2400 1728 2447 consilium
1750 2401 1882 2447 inve-

465 2482 551 2529 nit.
588 2484 619 2528 A
652 2481 855 2546 praelatis
898 2481 1028 2527 enim
1072 2479 1218 2525 totius
1254 2478 1384 2542 regni
1398 2515 1410 2539 ,
1447 2487 1547 2524 tam
1577 2476 1884 2542 pontificibus

467 2575 612 2624 quam
635 2558 906 2618 abbatibus,
934 2557 1018 2621 qui
1040 2573 1142 2603 rem
1162 2556 1370 2620 aliquam
1388 2553 1565 2601 habere
1583 2563 1879 2620 putarentur,

522 2698 559 2734 1.
591 2698 666 2733 Par
684 2695 720 2732 le
740 2693 850 2732 traite
873 2693 1031 2731 d’Arras
1044 2721 1055 2739 ,
1075 2706 1124 2730 en
1151 2694 1274 2740 1435,
1295 2690 1391 2730 ainsi
1411 2703 1487 2740 que
1514 2689 1679 2728 l'auteur
1696 2690 1746 2728 l'a
1762 2690 1886 2742 expli-

467 2755 544 2808 que
562 2754 657 2794 dans
678 2754 874 2792 l'Histoire
898 2754 946 2789 de
967 2752 1120 2791 Charles
1140 2754 1174 2787 V
1176 2755 1223 2788 II
1228 2782 1237 2797 ‚
1259 2751 1284 2789 l.
1305 2753 1382 2797 111,
1402 2763 1438 2786 c.
1460 2763 1489 2788 1.

525 2818 563 2854 2.
591 2818 646 2854 La
665 2812 911 2852 commission
936 2811 1086 2849 donnee
1107 2823 1206 2862 pour
1225 2810 1260 2848 le
1280 2809 1410 2847 rachat'
1429 2816 1486 2847 est
1503 2807 1555 2846 du
1578 2809 1623 2845 21
1649 2809 1740 2846 aout
1763 2809 1880 2846 1463.
