2054 3470
718 348 863 385 mma
900 347 1141 395 QUARTUS.
1556 349 1634 387 323

232 444 278 481 et
297 434 392 483 alio
414 435 743 482 translatorum
757 437 787 492 ¹,
818 435 867 480 in
890 435 991 499 ipsa
1024 433 1179 498 platea
1189 435 1219 494 ¹,
1244 433 1352 480 loco
1381 435 1482 498 ejus
1514 435 1632 482 emi-

233 511 468 571 nentiore,
476 512 608 575 juxta
620 510 941 576 parochialem
956 511 1202 558 ecclesiam
1216 511 1630 575 Sancti-Vangulfi,

233 587 454 636 machina
481 605 652 652 magna
684 587 922 651 lignorum
955 598 1111 635 erecta
1135 597 1221 647 est,
1256 598 1309 635 et
1331 594 1552 636 ascensus
1574 589 1636 636 ad

235 681 341 713 eam
358 665 479 713 latus
495 675 542 712 et
565 664 781 728 grandis3
806 665 1124 729 effectumque
1146 665 1195 711 in
1220 665 1326 729 ipso
1352 665 1513 728 ligneo
1531 665 1639 712 aedi-

235 739 371 802 ficio,
410 740 539 806 quod
577 742 679 788 sine
711 742 871 806 aliquo
897 750 1173 805 tegumento
1208 750 1325 798 erat,
1350 741 1558 805 tribunal
1590 741 1639 789 in

237 818 396 867 medio
420 819 629 884 positum
661 829 758 880 est3
790 819 1020 883 sedesque
1047 835 1076 866 a
1104 818 1279 866 dextris
1300 828 1346 866 et
1367 835 1394 866 a
1423 819 1639 878 sinistris,

237 895 589 961 ipso-imperiali
613 896 733 943 solio
756 895 1103 956 submissiores,
1128 896 1292 960 positae
1307 905 1436 957 sunt,
1460 911 1551 961 pro
1570 895 1646 942 his

236 972 548 1038 principibus,
574 974 656 1038 qui
671 974 759 1038 ipsi
777 973 1051 1038 imperatori
1073 973 1278 1020 assidere
1296 972 1542 1021 deberent.

301 1051 422 1097 Cum
441 1061 600 1098 autem
620 1052 781 1099 omnia
794 1061 1167 1117 praeparamenta
1192 1051 1310 1100 facta
1332 1052 1650 1116 decenterque

238 1137 404 1175 ornata
427 1127 640 1188 fuissent,
666 1128 727 1176 ad
755 1139 954 1176 statutos
975 1129 1103 1176 diem
1128 1139 1175 1176 et
1195 1129 1384 1190 horam,
1411 1146 1584 1194 magna
1603 1139 1650 1178 et

237 1206 433 1270 copiosa
474 1206 704 1270 cujusque
751 1206 923 1270 gradus
940 1243 953 1268 ,
991 1206 1198 1266 ordinis,
1239 1208 1387 1254 aetatis
1427 1217 1475 1254 et
1514 1224 1652 1255 sexus

241 1281 543 1330 multitudine
565 1284 806 1331 assistente
828 1293 876 1331 et
904 1294 1204 1349 exspectante
1234 1294 1394 1332 actum
1416 1285 1559 1332 talem
1588 1286 1655 1332 vi-

240 1358 378 1419 dere,
405 1360 540 1423 cujus
561 1361 761 1408 similem
784 1361 905 1409 forte
932 1379 1179 1426 nunquam
1201 1363 1536 1429 inspexissent,
1562 1381 1653 1411 ve—

242 1437 311 1484 nit
342 1439 496 1485 Caesar
526 1454 695 1502 magna
721 1439 990 1504 principum
1015 1449 1063 1485 et
1088 1456 1343 1504 procerum
1372 1441 1652 1504 germanicae

243 1515 450 1562 nationis
472 1526 659 1563 caterva
695 1517 912 1581 stipatus.
958 1519 1066 1574 Quo
1094 1535 1183 1582 pro
1211 1517 1436 1565 tribunali
1461 1519 1656 1566 sedente

244 1607 355 1638 cum
374 1591 531 1638 infulis
552 1601 599 1639 et
622 1591 890 1640 diademate
911 1594 1182 1657 caeterisque
1199 1594 1454 1660 imperialis
1486 1595 1654 1658 majes-

245 1672 352 1719 tatis
376 1671 641 1736 insignibus
653 1674 682 1732 ³,
708 1672 797 1719 sibi
819 1673 1134 1721 assidentibus
1156 1690 1183 1721 a
1205 1675 1380 1724 dextris
1402 1685 1449 1722 et
1471 1692 1500 1722 a
1522 1676 1659 1723 sinis·

245 1753 327 1799 tris
371 1752 781 1818 archipraesulibus
822 1754 1096 1800 Treverensi
1146 1764 1193 1801 et
1245 1755 1602 1818 Moguntinensi
1624 1757 1655 1815 ⁴,

246 1830 376 1877 Sacri
414 1830 603 1895 Imperii
647 1829 931 1877 electoribus
974 1831 1229 1894 multisque
1263 1831 1466 1879 ducibus
1487 1869 1499 1893 ,
1540 1849 1660 1880 mar-

246 1907 500 1955 chionibus
545 1917 593 1955 et
640 1907 896 1955 comitibus
917 1945 929 1967 ,
979 1907 1177 1955 Metensi
1218 1909 1360 1956 etiam
1398 1910 1623 1975 episcopo
1643 1948 1656 1970 ,

302 2055 340 2090 1.
366 2052 589 2092 Correction
612 2051 848 2098 necessaire‚
869 2050 964 2088 mais
986 2063 1064 2088 non
1085 2064 1153 2103 pas
1172 2051 1469 2102 incontestable‚
1501 2052 1555 2091 du
1582 2066 1654 2091 ms.

249 2112 317 2164 qui
332 2120 444 2164 porte
462 2114 611 2160 deficta:
629 2121 667 2149 et
682 2115 759 2148 alio
780 2113 969 2148 translatae
987 2119 1086 2148 sunt.

302 2174 339 2210 2.
356 2176 462 2223 -Ipsa
483 2174 617 2222 platea
645 2170 790 2210 semble
817 2169 999 2220 indiquer
1025 2184 1101 2221 que
1134 2171 1301 2209 l‘auteur
1323 2185 1347 2210 a
1366 2170 1450 2220 deja
1475 2173 1582 2224 parle
1610 2174 1660 2214 de

250 2240 347 2271 cette
364 2232 488 2284 place.
509 2232 614 2278 Cela,
630 2232 728 2280 joint
747 2233 768 2268 a
789 2230 1072 2269 l'incorrection
1089 2231 1142 2269 du
1161 2231 1335 2270 membre
1350 2231 1399 2270 de
1414 2232 1554 2283 phrase
1569 2235 1660 2286 pre-

251 2290 388 2329 cedent
402 2322 413 2340 ,
442 2290 684 2329 auton-iserait
707 2291 900 2341 peut-&re
920 2291 941 2326 a
963 2303 1151 2342 supposer
1175 2294 1319 2342 qu’une
1341 2300 1450 2330 autre
1474 2292 1614 2344 phrase
1636 2307 1657 2331 a

251 2350 311 2389 ete
327 2351 446 2388 omise
465 2350 558 2388 dans
576 2350 614 2388 la
635 2349 904 2400 transcription
919 2349 972 2387 du
992 2363 1063 2388 ms.

306 2411 344 2448 3.
377 2426 396 2445 c
427 2412 642 2461 Imperator
660 2407 894 2447 vestiebatur
918 2409 1040 2446 textili
1067 2422 1184 2458 auro,
1204 2409 1321 2448 vestis
1345 2410 1394 2448 ad
1422 2410 1540 2462 pedes
1563 2426 1657 2463 pro-

251 2467 335 2506 fusa
348 2475 385 2506 et
402 2468 545 2506 circum
565 2469 705 2506 collum
724 2467 909 2519 replicita,
933 2480 1078 2518 perque
1092 2468 1292 2516 humeros,
1306 2482 1415 2507 more
1429 2472 1656 2519 Turcorum,

252 2539 403 2578 sparsa3
425 2526 546 2564 limbo
567 2527 712 2565 circum
734 2524 854 2577 pedes
873 2539 1102 2576 manusque,
1120 2528 1286 2580 ingentis
1308 2529 1422 2579 pretii
1446 2531 1661 2581 margaritis

253 2586 462 2638 picturato;
482 2587 564 2637 ipse
587 2586 742 2638 grandis
765 2594 880 2632 nam,
908 2585 975 2623 sed
997 2586 1139 2625 virenti
1162 2587 1288 2625 adhuc
1309 2597 1424 2639 atque
1448 2590 1571 2627 solida
1595 2603 1658 2628 se·-

252 2653 379 2684 necta.
406 2662 425 2681 ι)
455 2645 632 2683 Relation
661 2645 876 2683 d'Arnould
910 2645 957 2683 de
986 2646 1169 2698 Lalaing,
1203 2648 1367 2686 traduite
1388 2662 1437 2687 en
1467 2649 1561 2686 latin
1589 2662 1659 2700 par

253 2705 354 2745 Rod.
374 2705 564 2757 Agricola.
586 2705 746 2756 Lenglet
766 2706 1000 2756 Dusresnoy‚
1020 2709 1240 2754 commines,
1261 2715 1288 2744 t.
1307 2709 1378 2754 III,
1400 2721 1438 2758 p.
1462 2709 1554 2747 259.

308 2767 347 2803 4.
363 2768 459 2803 Jean
479 2765 526 2803 de
542 2765 660 2811 Bade,
680 2765 920 2816 archeveque
941 2766 990 2803 de
1006 2768 1162 2815 Treves,
1179 2776 1216 2805 et
1232 2767 1409 2818 Adolphe
1432 2767 1479 2804 de
1492 2769 1654 2815 Nassau,

256 2825 497 2875 archeveque
516 2824 563 2861 de
581 2827 780 2874 Mayence,
799 2824 919 2875 grand
939 2825 1155 2862 chancelier
1175 2824 1223 2862 de
1237 2825 1435 2875 l’Empire.
