2054 3470
737 315 881 352 mma
907 313 1136 362 QmNTUs.
1568 313 1645 351 395

236 403 358 452 fecto
378 418 512 451 secus
533 402 577 449 ei
599 402 845 468 provenit3
870 417 985 449 nam
1003 417 1115 448 cum
1128 437 1141 461 ‚
1166 408 1319 448 tractu
1342 399 1489 447 ferme
1503 400 1646 446 unius

235 480 349 528 anni
364 517 376 539 ‚
401 496 650 545 processus
676 495 791 527 suus
808 478 971 526 fuisset
988 478 1214 542 agitatus,
1239 476 1434 524 tandem
1457 476 1647 541 capitali

235 558 466 606 sententia
485 557 736 605 damnatus
757 556 859 613 fuit,
883 556 1107 603 omnibus
1126 554 1269 602 bonis
1281 553 1397 601 fisco
1419 556 1548 617 regio
1567 554 1648 601 ad-

232 635 469 700 judicatis.
489 635 634 698 Cujus
653 635 895 682 sententiae
910 634 1054 682 etiam
1070 633 1306 680 exsecutio
1320 633 1369 678 in
1387 631 1505 678 urbe
1517 632 1647 696 regia

238 711 483 760 Parisiensi
499 710 620 758 facta
642 711 831 772 exstitit,
852 727 983 758 anno
1001 710 1198 757 Domini
1219 710 1611 756 M.cccc.1.xxvn¹.

305 791 341 835 A
362 786 606 836 nonnullis
632 797 794 836 tamen
820 787 1076 847 ferebatur,
1098 787 1260 852 plures
1286 803 1346 833 ex
1369 786 1650 833 consiliariis

238 865 378 914 curiae
402 865 683 914 Parlamenti
712 865 985 913 Parisiensis
1013 865 1062 911 in
1085 864 1213 928 ejus,
1234 863 1365 911 velut
1397 864 1601 911 insontis
1623 879 1650 910 a

238 943 462 1003 crimine,
488 943 849 991 damnationem
878 943 1077 990 minime
1106 943 1378 989 consentire
1411 941 1646 1002 voluisse3

238 1037 360 1085 quos
382 1031 634 1086 propterea
657 1037 685 1068 a
703 1021 836 1068 curia
853 1030 901 1068 et
922 1020 1091 1067 ordine
1116 1029 1276 1067 motos
1301 1029 1443 1084 atque
1473 1019 1651 1083 ejectos

238 1114 326 1163 per
352 1114 513 1162 regem
548 1097 754 1145 aiebant.
784 1100 855 1144 An
885 1107 1045 1146 tamen
1074 1097 1141 1144 ita
1166 1097 1306 1144 fuerit
1331 1113 1507 1158 necne,
1550 1112 1651 1144 non

239 1175 351 1222 satis
373 1184 675 1240 compertum
697 1175 930 1222 hactenus
954 1173 1186 1221 habemus
1203 1210 1216 1233 ‚
1247 1173 1361 1221 licet
1400 1174 1543 1222 etiam
1568 1173 1654 1221 diu

240 1261 350 1317 post
365 1252 462 1299 hoc
479 1268 648 1300 verum
666 1251 717 1299 id
738 1252 880 1300 fuisse
896 1269 923 1299 a
937 1251 1032 1299 fide
1051 1252 1207 1317 dignis
1226 1252 1544 1314 audierimus3
1570 1252 1654 1316 qui

240 1345 352 1376 cum
371 1330 557 1377 Parisiis
579 1329 721 1377 etiam
743 1340 899 1378 essent
913 1369 926 1387 ‚
952 1346 1064 1376 cum
1087 1329 1148 1377 de
1171 1330 1342 1378 eodem
1367 1329 1655 1395 supplicium

240 1406 431 1472 publice
471 1417 738 1455 sumeretur
753 1445 765 1469 ‚
805 1407 1109 1456 affirmabant
1135 1425 1185 1456 se
1218 1408 1392 1455 vidisse
1431 1424 1655 1472 magnam

240 1483 463 1531 vivorum
487 1484 844 1532 multitudinem
868 1495 916 1532 et
938 1485 1195 1532 mulierum
1219 1501 1247 1533 a
1265 1486 1485 1550 lacrymis
1507 1495 1555 1532 et
1576 1501 1653 1548 ge-

242 1559 364 1607 mitu
384 1561 582 1609 minime
618 1571 884 1627 temperare
909 1562 1148 1609 valentem
1166 1598 1178 1621 ,
1203 1579 1294 1627 pro
1318 1579 1376 1610 eo
1399 1561 1534 1627 quod
1556 1571 1656 1608 tam

242 1636 400 1683 bonus
421 1647 468 1684 et
484 1638 637 1702 justus
662 1639 884 1704 princeps
907 1649 1049 1704 atque
1072 1640 1305 1687 innocens
1330 1640 1598 1705 puniretur.

309 1715 449 1760 Hunc
483 1714 644 1778 itaque
676 1715 856 1762 exitum
892 1714 1062 1763 habuit
1095 1716 1173 1763 ille
1208 1715 1494 1764 venerabilis
1524 1715 1658 1763 illus-

245 1789 423 1853 trisque
444 1791 667 1856 princeps
691 1791 787 1839 dux
813 1791 874 1838 de
905 1796 1163 1852 Nemours,
1194 1794 1327 1858 apud
1350 1792 1521 1856 vulgus
1551 1793 1657 1856 qui-

244 1865 357 1914 dem
379 1867 616 1916 infelicem
654 1879 702 1916 et
740 1869 992 1930 miserum,
1039 1869 1124 1917 sed
1161 1870 1290 1935 apud
1327 1887 1572 1918 summum
1612 1880 1659 1918 et

246 1943 740 1993 misericordissimum
757 1950 944 1994 Patrem
955 1957 1099 2011 atque
1112 1951 1136 1994 J
1139 1948 1331 1995 udicem
1346 1947 1496 2013 (apud
1513 1963 1657 2012 quem

246 2022 456 2085 pretiosa
495 2024 671 2070 exsistit
702 2040 833 2070 mors
867 2034 1144 2071 sanctorum
1167 2024 1268 2087 ejus
1287 2062 1299 2085 ,
1332 2024 1534 2089 quibuS‚
1570 2041 1659 2090 pro

245 2098 469 2160 veritate,
506 2100 686 2163 justitia
717 2111 765 2147 et
793 2099 887 2148 fide
924 2102 1307 2166 persecutionem
1336 2100 1626 2166 patientibus
1644 2139 1657 2162 ‚

247 2175 404 2239 ipsum
423 2177 641 2240 promisit
668 2194 869 2240 regnum
888 2178 1156 2242 coelorum),
1176 2164 1425 2226 communi
1447 2179 1662 2244 pruden-

247 2251 367 2298 tium
397 2268 453 2299 ac
482 2252 726 2299 bonorum
758 2254 972 2301 virorum
1008 2257 1086 2319 pia
1118 2256 1458 2315 aestimatione,
1492 2255 1662 2320 procul

248 2326 397 2375 dubio
420 2328 605 2376 felicem
630 2345 686 2376 ac
716 2328 929 2376 beatum.
955 2333 1135 2377 Verum
1157 2348 1268 2378 cum
1288 2369 1300 2393 ‚
1333 2333 1400 2379 uti
1422 2333 1627 2379 diximus
1646 2370 1658 2393 ,

249 2404 360 2452 satis
383 2405 556 2469 longus
584 2405 819 2454 effluxerit
846 2407 1034 2454 dierum
1057 2425 1223 2455 cursus
1244 2409 1294 2455 in
1317 2410 1418 2473 ejus
1441 2411 1662 2476 captione

304 2569 343 2605 1.
372 2568 522 2605 L’arret
550 2577 608 2607 est
634 2567 688 2606 du
718 2570 770 2606 10
791 2568 919 2617 juillet
951 2570 1068 2608 1477.
1102 2569 1354 2609 L’execution
1382 2579 1447 2609 eut
1472 2571 1551 2608 lieu
1586 2583 1662 2608 aux

250 2626 381 2665 Halles
398 2629 435 2665 le
455 2629 478 2664 4
499 2629 603 2667 aofit.
625 2627 657 2666 Il
677 2637 733 2667 est
753 2630 775 2666 a
791 2636 903 2666 noter
923 2640 998 2679 que
1021 2628 1186 2668 l'auteur
1204 2644 1245 2669 se
1263 2631 1331 2670 tait
1349 2645 1416 2670 sur
1441 2631 1478 2668 la
1508 2630 1662 2668 circon-

251 2692 380 2723 stance
398 2685 466 2723 des
484 2685 635 2725 enfants
653 2686 702 2725 de
719 2689 924 2734 Nemours,
945 2688 1074 2740 places
1093 2702 1183 2727 sous
1205 2689 1420 2728 l’echasaud
1438 2691 1491 2727 οὺ
1510 2698 1665 2727 mourut

252 2746 336 2782 leur·
354 2746 467 2796 pere,
488 2753 526 2782 et
544 2759 613 2784 son
631 2746 771 2785 silence
790 2757 846 2786 est
865 2748 1139 2787 certainement
1158 2762 1211 2787 un
1229 2749 1297 2788 des
1315 2756 1537 2801 arguments
1558 2750 1580 2786 a
1597 2748 1662 2787 in-

253 2815 401 2853 voquer
419 2811 551 2841 contre
571 2803 609 2842 la
627 2805 793 2844 veracite
814 2806 862 2845 de
878 2816 939 2845 cet
959 2815 1043 2845 acte
1062 2807 1110 2846 de
1127 2809 1299 2846 emaute.
