2054 3470
742 309 886 346 unm
921 307 1151 354 QmNTUS.
1594 309 1669 346 407

252 393 530 459 hujusmodi
545 391 928 440 exsecutionibus
943 391 1287 451 incubuerunt,
1307 409 1407 439 non
1420 403 1491 439 est
1511 392 1574 439 ad
1586 409 1670 440 co-

252 471 500 538 gitandum
522 471 679 530 facile,
712 471 863 518 relatu
893 485 1007 517 vero
1032 469 1174 533 longe
1199 469 1454 518 difficilius.
1483 471 1672 517 Etenim

251 549 427 616 passim
448 559 495 598 et
515 550 615 597 sine
642 549 740 596 ullo
763 546 948 596 delectu
977 563 1144 594 omnes
1166 546 1376 594 ecclesiae
1407 557 1455 594 et
1485 547 1671 611 quales-

253 641 460 691 cumque
484 626 709 690 religiosae
724 623 924 682 domus,
947 623 1023 670 vel
1043 623 1123 689 pia
1143 624 1250 671 loca
1272 640 1356 671 seu
1372 622 1498 670 tituli
1521 623 1672 670 eccle-

253 703 442 764 siastici,
457 703 532 751 vel
550 702 611 751 ad
625 702 901 749 alimoniam
921 717 1206 766 pauperum,
1220 717 1302 748 seu
1319 717 1460 747 usum
1471 700 1674 748 lumina-

253 782 379 829 rium
391 790 474 829 aut
487 780 667 845 aliquas
679 779 981 827 necessitates
995 779 1071 826 vel
1085 788 1369 826 ornamenta
1383 778 1673 843 templorum

254 868 302 907 et
318 857 624 907 ecclesiarum
642 857 1055 922 qualitercumque
1072 856 1252 904 donata
1267 855 1342 903 vel
1364 865 1640 921 comparata
1654 892 1667 915 ,

254 953 355 984 non
381 936 531 984 modo
559 936 621 983 ab
647 936 761 1001 ipsis
791 935 1035 998 sexaginta
1056 933 1259 1000 [annis],
1291 933 1375 982 sed
1409 935 1552 981 etiam
1593 951 1672 980 su-

251 1030 364 1080 pra,
403 1023 452 1062 et
481 1031 511 1062 a
539 1013 868 1062 vetustissimis
904 1011 1233 1078 temporibus,
1278 1012 1328 1059 in
1365 1011 1491 1058 illius
1532 1029 1674 1060 exac-

252 1090 398 1138 tionis
442 1089 659 1138 nefandae
713 1089 970 1136 discrimen
1014 1087 1381 1136 adducebantur
1402 1107 1415 1148 ;
1461 1088 1527 1136 ita
1583 1098 1638 1136 ut
1656 1126 1670 1149 ,

252 1168 432 1234 absque
454 1167 552 1216 ulla
582 1168 884 1216 miseratione
913 1183 986 1227 ea,
1010 1183 1100 1232 pro
1128 1166 1324 1215 arbitrio
1349 1176 1397 1213 et
1426 1167 1674 1215 voluntate

253 1255 611 1306 exsecutorum,
634 1246 837 1311 pecunia
850 1281 864 1306 ,
898 1243 961 1292 ad
987 1259 1137 1308 quam
1172 1243 1474 1303 taxabantur,
1499 1243 1674 1291 redimi

254 1331 517 1388 oporteret.

315 1402 426 1448 Haec
461 1409 621 1448 autem
651 1398 834 1446 exactio
868 1397 1079 1464 plurium
1110 1398 1423 1447 aestimatione
1454 1407 1502 1446 et
1527 1398 1672 1446 totius
1700 1441 1705 1448 .

253 1476 400 1524 ferme
423 1476 579 1540 vulgi,
604 1492 750 1541 aquo
771 1476 820 1522 in
844 1475 1178 1539 hujuscemodi
1210 1475 1347 1522 terris
1370 1476 1560 1522 insueta
1587 1492 1671 1540 pe-

244 1545 381 1602 'nitus
402 1563 543 1618 atque
561 1553 776 1600 inaudita
795 1569 895 1600 esse
920 1552 1178 1611 ferebatur,
1197 1551 1386 1599 divinos
1410 1551 1592 1599 favores
1617 1569 1674 1600 ac

254 1631 340 1678 Dei
358 1630 703 1694 benignitatem
723 1628 885 1676 abillo
904 1629 1120 1694 principe
1137 1628 1299 1675 tulisse
1315 1637 1458 1693 atque
1473 1646 1671 1694 prorsus

254 1705 482 1757 alienasse
511 1705 810 1772 putabatur¹.
837 1709 955 1753 Nam
986 1707 1225 1753 anteriore
1252 1715 1494 1771 tempore,
1532 1707 1672 1754 toties

310 1843 347 1880 1.
379 1840 433 1882 La
461 1842 587 1880 meme
610 1840 697 1879 idee
719 1854 743 1879 a
765 1841 825 1879 ete
845 1840 1044 1892 exprimee
1061 1853 1156 1879 avec
1177 1839 1227 1879 de
1250 1839 1414 1879 curieux
1440 1839 1675 1893 developpe-

255 1906 377 1940 ments
400 1914 473 1954 par
489 1901 709 1940 Guillaume
727 1901 838 1940 He'da
850 1930 861 1949 ‚
881 1901 949 1952 qui
975 1901 1091 1939 vecut
1109 1913 1158 1939 en
1178 1901 1305 1939 meme
1323 1908 1448 1952 temps
1465 1913 1542 1951 que
1562 1900 1677 1939 Basin

255 1963 278 2000 ὲ
290 1960 329 2000 la
346 1973 443 1999 cour
459 1961 659 2000 d’Utrecht
681 1976 690 1999 z
713 1977 732 1996 e:
751 1961 896 1999 Volunt
913 1962 1095 1999 continue
1112 1962 1307 2000 fortunam
1325 1961 1383 1999 illi
1399 1961 1586 2010 arrisisse,
1607 1960 1677 1999 sed

254 2021 414 2072 coepisse
426 2021 623 2061 adversari
639 2034 727 2060 cum
743 2021 929 2060 tributum
945 2021 1162 2074 imponeret
1175 2021 1368 2069 Ecclesiae,
1389 2033 1475 2072 quae
1496 2032 1676 2072 magnam

254 2079 471 2132 patiebatur
501 2080 754 2118 exactionem.
788 2080 901 2129 Quod
932 2093 1012 2118 non
1042 2093 1092 2118 ex
1117 2079 1198 2128 ejus
1225 2079 1424 2118 voluntate
1452 2083 1548 2127 (erat
1572 2078 1676 2117 enim

257 2140 554 2194 magnanimus),
569 2141 636 2179 sed
651 2154 700 2179 ex
713 2141 972 2192 quorumdam
989 2141 1171 2181 instinctu
1188 2150 1226 2180 et
1241 2141 1393 2179 sinistra
1405 2140 1677 2179 informatione

255 2200 438 2252 (suspicio
456 2208 538 2238 erat
565 2199 614 2238 de
633 2200 811 2239 Johanne
833 2203 964 2239 Leone
989 2208 1030 2239 et
1053 2200 1223 2239 Antonio
1242 2203 1420 2237 Annemn
1438 2212 1461 2238 a
1478 2198 1676 2247 consiliis),

255 2259 484 2311 processisse
504 2258 671 2299 aiebant.
698 2259 872 2298 Invisum
893 2259 997 2298 enim
1018 2268 1101 2298 erat
1119 2267 1157 2297 et
1172 2258 1392 2298 inauditum
1415 2257 1520 2309 quod
1549 2266 1678 2296 extor-

256 2327 389 2358 serunt
411 2331 434 2357 a
454 2319 528 2370 piis
556 2318 664 2356 locis.
696 2321 745 2356 Et
762 2318 928 2369 'quidem
952 2318 1148 2356 Johannes
1166 2319 1358 2357 Boslzasen
1382 2316 1673 2369 superveniens,

256 2391 336 2418 non
354 2379 503 2416 minore
522 2379 650 2430 rigore
675 2391 766 2416 usus
792 2378 908 2416 fuisse
938 2377 1080 2415 dicitur
1101 2379 1141 2416 in
1160 2377 1367 2429 exigendo.
1388 2379 1426 2414 Is
1452 2376 1555 2414 enim
1583 2389 1677 2427 spo-

257 2438 354 2476 lians
382 2437 578 2488 quoddam
609 2437 829 2476 coenobium
858 2437 1134 2476 canonicorum
1161 2438 1397 2491 regularium
1416 2466 1428 2485 ‚
1459 2435 1680 2487 arripiendo

257 2509 352 2536 vasa
364 2504 544 2548 argentea
561 2504 675 2547 atque
694 2505 934 2542 ornamenta,
954 2511 974 2530 α
988 2498 1080 2533 Haec
1097 2496 1213 2545 facio,
1226 2496 1367 2547 inquit,
1390 2508 1439 2533 ex
1454 2494 1680 2533 auctoritate

262 2572 283 2592 ι
304 2555 451 2594 domini
472 2556 569 2604 mei;
596 2572 616 2591 ι»
657 2565 695 2594 et
723 2555 844 2608 digito
875 2555 1080 2593 ostendens
1108 2555 1316 2608 imaginem
1342 2554 1482 2593 Christi
1507 2552 1680 2591 crucifixi

258 2615 416 2655 infixam
431 2615 567 2666 parieti
587 2631 596 2652 ι
622 2633 640 2650 α
659 2618 733 2664 En,
754 2615 879 2666 inquit
893 2644 904 2662 ,
922 2623 1051 2653 vester
1070 2613 1269 2663 dominus;
1285 2614 1349 2651 hic
1368 2626 1439 2652 vos
1458 2611 1634 2659 adjuvet!
1660 2629 1677 2645 ι

259 2674 373 2713 Unde
393 2674 580 2712 creditum
605 2684 661 2713 est
683 2675 788 2726 quod
807 2674 924 2726 paulo
942 2682 1028 2726 post
1051 2674 1212 2713 Carolus
1229 2673 1288 2711 bis
1308 2672 1459 2710 sinistre
1478 2681 1680 2722 pugnave-

260 2733 312 2771 rit
328 2741 366 2771 et
383 2733 424 2770 in
440 2733 552 2771 tertio
563 2733 697 2785 praelio
708 2733 904 2782 ceciderit,
922 2741 1174 2784 auctoresque
1189 2730 1374 2783 temporis
1386 2741 1564 2767 successu
1579 2727 1682 2766 male

261 2792 463 2832 interiisse.
478 2793 654 2832 Succedit
666 2795 802 2840 Maria,
816 2795 894 2833 filia
907 2794 1050 2843 Caroli,
1070 2794 1112 2833 in
1131 2793 1367 2845 amplissima
1384 2789 1571 2837 dominia,
1590 2801 1677 2840 quae
1743 2790 1751 2799 ¹
