2054 3470
427 353 502 388 128
785 350 1129 391 HISTORIARUM
1156 350 1393 387 LUDOVICI
1420 350 1477 387 XI

425 455 621 502 magum
643 447 787 485 noctu
812 437 1031 495 advenit,
1066 436 1250 484 civibus
1276 436 1392 483 nihil
1424 436 1484 483 de
1511 437 1657 502 ipsius
1692 437 1842 487 inten-

425 517 558 564 tione
591 526 638 563 et
668 515 870 562 civitatis
904 514 1150 561 deditione
1184 514 1456 561 scientibuS.
1493 516 1604 571 Quo
1630 531 1742 563 cum
1764 533 1841 565 ve·

425 593 592 652 nisset,
623 592 686 640 ad
718 609 825 640 earn
853 603 1038 658 partem
1061 608 1157 657 qua
1178 592 1238 639 de
1266 601 1420 639 castro
1444 602 1571 657 patet
1603 583 1754 641 exitus
1778 593 1840 642 ad

424 685 646 735 campos,
671 687 759 734 per
780 669 998 734 praesatos
1021 668 1340 716 Patriarcham
1364 679 1411 716 et
1433 670 1691 717 Dominam
1713 688 1842 719 suos-

423 765 517 813 que
533 757 859 806 assectatores‚
881 735 930 793 in
946 763 1103 794 arcem
1120 763 1201 793 seu
1217 757 1422 794 castrum
1434 785 1446 809 ‚
1466 764 1618 813 prope
1631 749 1840 797 mediam

422 836 615 873 noctem
633 863 644 887 ,
671 826 845 873 exstitit
867 842 977 871 cum
991 841 1078 871 suo
1101 825 1399 871 intromissus
1421 825 1652 874 comitatu
1669 829 1698 872 ¹.
1718 829 1838 874 Gum

423 915 584 951 autem
606 904 751 969 paulo
778 912 886 968 post
904 940 914 962 ‚
949 902 1226 966 hujusmodi
1250 903 1488 966 ingressus
1507 913 1555 951 et
1575 904 1720 951 totius
1742 900 1838 953 sac-v

422 982 566 1028 tionis
589 997 753 1028 rumor
777 997 863 1046 per
885 989 1034 1027 totam
1058 990 1269 1027 curreret
1290 981 1525 1028 civitatem
1541 1017 1553 1040 ,
1591 992 1840 1046 coeperunt

422 1058 474 1105 hi
505 1059 588 1122 qui
621 1058 684 1105 in'
707 1067 862 1105 castro
904 1067 1038 1104 erant
1067 1074 1179 1104 cum
1218 1057 1455 1122 aliquibus
1487 1059 1615 1106 notis
1654 1059 1837 1107 civibus

422 1146 572 1184 totam
608 1152 778 1183 eorum
817 1135 1132 1182 intentionem
1175 1136 1360 1201 aperire
1399 1145 1542 1200 atque
1586 1137 1832 1201 detegere,

422 1213 675 1261 suadentes
693 1222 927 1278 quatenus
950 1214 1107 1278 ipsum
1126 1213 1376 1260 dominum
1395 1214 1642 1274 Carolum‚
1662 1216 1710 1262 in
1729 1233 1832 1281 per-

422 1308 539 1339 sona
569 1290 751 1356 praefati
783 1290 919 1337 ducis
945 1290 1194 1351 Borbonii,
1227 1291 1275 1337 in
1300 1290 1473 1338 ducem
1506 1301 1647 1356 atque
1681 1291 1836 1341 domi-

421 1387 539 1417 num
561 1369 757 1435 pacifice
778 1369 1015 1433 suscipere
1039 1368 1213 1416 vellent
1231 1387 1242 1429 ;
1268 1369 1350 1433 qui
1375 1369 1442 1416 eis
1463 1368 1837 1418 nihil'violentiae

422 1457 503 1494 aut
525 1447 706 1510 injuriae
723 1482 735 1506 ‚
765 1445 847 1492 ubi
869 1446 1071 1493 libentes
1092 1456 1340 1510 parerent,
1368 1445 1509 1494 vellet
1527 1446 1698 1494 inferre
1713 1484 1725 1506 ,
1752 1447 1835 1494 sed

422 1524 585 1571 omnia
605 1523 913 1570 humanitatis
942 1520 988 1570 et
1019 1522 1364 1570 benevolentiae
1397 1522 1552 1570 officia
1583 1522 1830 1587 exhibere3

421 1601 505 1648 ubi
527 1611 685 1649 autem
709 1611 807 1648 tarn
829 1600 1038 1661 bonum,
1065 1610 1165 1648 tam
1190 1601 1324 1666 pium
1343 1611 1486 1665 atque
1503 1601 1685 1665 justum
1710 1603 1834 1668 prin-

421 1678 603 1743 cipem,
633 1679 699 1726 eis
732 1695 842 1726 cum
880 1678 1014 1725 omni
1038 1678 1329 1742 benignitate
1358 1678 1567 1743 legitime
1597 1680 1832 1745 imperare

420 1757 716 1816 venientem,
769 1756 953 1804 nollent
987 1757 1244 1821 spontanei
1293 1758 1531 1823 recipere,
1552 1758 1747 1805 ‘scirent
1782 1767 1833 1804 se·

420 1833 564 1880 armis
596 1834 772 1880 invitos
806 1833 867 1881 ad
896 1833 974 1895 id,
1018 1850 1119 1880 non
1157 1833 1337 1897 absque
1374 1850 1543 1882 eorum
1576 1834 1756 1882 damno
1789 1844 1836 1881 et

416 1911 600 1974 Jactura
614 1947 626 1971 ‚
651 1913 871 1975 protinus
894 1911 995 1958 fore
1016 1910 1275 1974 cogendos.
1472 1922 1478 1923 ’

486 1990 603 2045 Quae
625 1988 770 2035 verba
793 2005 904 2034 cum
927 1988 1146 2034 omnium
1162 2003 1296 2052 poene
1313 1988 1469 2035 statim
1491 1988 1669 2035 civium
1690 1987 1835 2036 deve-

420 2066 598 2112 nissent
634 2065 695 2112 ad
730 2082 896 2124 aures,
929 2082 1029 2112 sese
1067 2064 1129 2112 ad
1158 2064 1359 2111 domum
1396 2065 1714 2126 consulatus’,
1751 2067 1835 2131 qui

420 2143 598 2189 caeteris
630 2142 792 2205 aliquo
832 2142 1032 2189 honoris
1074 2142 1221 2205 gradu
1258 2141 1558 2190 honestiores
1591 2142 1837 2191 duceban-

421 2228 525 2280 tur,
569 2220 726 2266 statim
771 2229 1029 2282 coegerunt
1063 2236 1152 2284 pro
1191 2220 1392 2268 consilio
1438 2221 1691 2286 capiendo.
1742 2221 1837 2278 Qui

421 2312 530 2342 cum
578 2296 783 2343 invicem
818 2296 1002 2342 collecti
1042 2313 1245 2360 praesens
1290 2297 1590 2344 intuerentur
1621 2297 1751 2344 exitii
1788 2307 1836 2344 et

420 2372 589 2437 praedae
619 2373 910 2438 periculum,
943 2373 982 2419 si
1012 2373 1171 2421 oblata
1193 2375 1499 2440 respuissent,
1525 2372 1668 2421 simul
1691 2373 1836 2421 etiam

421 2449 553 2514 quod
599 2450 699 2515 ipse
737 2449 962 2497 Borbonii
996 2450 1122 2512 dux,
1164 2461 1261 2498 tam
1300 2469 1388 2499 suo
1438 2468 1583 2516 quam
1630 2451 1834 2500 aliorum

419 2527 692 2592 principum
724 2528 949 2587 nomine,
986 2528 1147 2575 multis
1182 2529 1486 2576 sacramentis
1522 2527 1836 2593 pollicebatur

420 2605 513 2665 eis,
554 2621 703 2669 usque
734 2606 795 2653 ad
833 2616 1097 2653 extremum
1131 2607 1263 2654 necis
1293 2623 1387 2654 suae
1414 2607 1710 2672 periculum,
1751 2624 1835 2655 eos

475 2790 512 2826 1.
545 2790 650 2827 Dans
669 2787 705 2826 la
725 2788 809 2826 nuit
826 2787 878 2826 du
901 2790 951 2826 27
972 2802 1023 2827 au
1042 2790 1092 2828 28
1111 2788 1326 2841 septembre
1348 2792 1464 2829 1465.

475 2849 515 2887 2,
545 2847 694 2886 L'hotel
716 2847 764 2885 de
783 2847 888 2886 ville.
