2054 3470
379 344 454 382 332
742 344 1080 382 HISTORIARUM
1107 346 1343 383 LUDOVICI
1370 347 1425 383 XI

445 431 741 480 Rebella'rant
769 433 869 496 jam
900 443 1009 480 ante
1042 435 1207 482 omnia
1238 435 1384 482 ferme
1418 436 1596 501 oppida
1627 447 1676 485 et
1698 454 1784 486 ca·

377 509 508 557 stella
546 509 760 572 ejusdem
793 510 1069 569 comitatus,
1105 521 1152 558 et
1181 512 1400 559 inimicos
1433 512 1570 560 valde
1600 515 1785 564 animos

377 586 437 634 ad
463 586 824 649 Burgundiones
846 603 1014 635 omnes
1043 588 1164 635 illius
1186 599 1320 636 terrae
1344 590 1514 638 accolae
1538 592 1782 654 gerebant.

379 663 538 722 Unde,
571 680 683 711 cum
712 665 892 729 ubique
914 681 1047 730 paene
1078 665 1295 713 locorum
1325 667 1463 714 dictis
1487 669 1786 732 Burgundio-

376 740 517 798 nibus
538 741 599 788 de
622 741 812 789 Brisaco
846 742 992 807 pulsis
1023 759 1053 790 a
1076 744 1263 791 rusticis
1289 745 1448 808 patriae
1475 745 1658 793 insidiae
1689 756 1786 794 ten·

376 817 617 875 derentur,
659 835 757 865 non
799 820 902 866 sine
942 821 1158 867 maximis
1197 821 1451 869 insultibus
1484 833 1531 870 et
1565 824 1786 888 periculis

377 895 539 942 multis
563 895 925 960 particularibus
941 932 952 954 ,
979 913 1028 943 se
1050 897 1099 944 in
1124 898 1444 962 Burgundiain
1466 900 1675 965 recipere
1697 918 1786 966 po-

376 981 570 1019 tuerunt
603 990 614 1018 :
648 989 746 1036 quo
790 983 949 1020 tamen
991 974 1208 1035 tandem,
1243 975 1519 1039 hujusmodi
1557 979 1786 1043 superatis

376 1050 624 1115 periculis,
664 1066 713 1097 se
748 1050 1055 1098 contulerunt
1091 1051 1372 1100 incolumes.
1418 1054 1564 1101 Paulo
1602 1058 1785 1102 autem¹

376 1136 501 1191 post,
527 1127 709 1173 dictum
732 1127 1043 1175 Hachenbaclz
1059 1165 1071 1186 ,
1097 1146 1241 1193 quem
1265 1131 1422 1177 omnis
1443 1132 1649 1196 populus
1676 1149 1785 1198 par-

375 1203 495 1250 tium
524 1203 734 1260 illarum,
762 1214 859 1251 tam
888 1205 1123 1253 nobilium
1151 1218 1197 1254 et
1223 1207 1496 1255 militarium
1519 1225 1662 1271 quam
1690 1209 1787 1274 ple·

375 1281 617 1343 beiorum,
655 1284 836 1346 ingenti
876 1284 1289 1349 prosequebantur
1325 1285 1469 1345 odio,
1501 1286 1627 1334 facto
1665 1303 1788 1334 con-

375 1369 518 1406 ventu
560 1360 753 1425 publico
797 1378 854 1408 ex
905 1362 1184 1426 proceribus
1229 1371 1274 1408 et
1319 1364 1494 1410 accolis
1542 1363 1788 1412 civitatum

377 1436 667 1498 vicinarum,
717 1439 766 1484 in
808 1437 1045 1501 judicium
1095 1438 1379 1500 adductum,
1425 1449 1472 1487 et
1515 1439 1576 1488 de
1629 1440 1787 1489 multis

375 1524 651 1562 accusatum
690 1525 859 1579 atque,
898 1517 967 1563 uti
1001 1516 1191 1564 aiebant
1227 1526 1272 1564 et
1305 1517 1447 1582 vulgo
1477 1517 1782 1581 jactitabant,

375 1592 652 1638 convictum
675 1592 977 1653 criminibus,
1004 1594 1236 1659 supplicio
1259 1593 1537 1641 affecerunt.

850 1834 1184 1879 CAPITULUM
1231 1835 1292 1878 XI
1299 1865 1311 1877 .

516 1968 674 2011 Qualiter
688 1967 900 2015 Burgundiae
922 1968 993 2003 dux
1015 1969 1134 2016 posuit
1154 1968 1376 2004 obsidionem
1395 1967 1441 2003 ad
1459 1968 1638 2011 Nussim,

767 2021 941 2069 oppidum
962 2022 1114 2057 ecclesiae
1133 2022 1351 2057 Coloniensis
1362 2021 1391 2057 ².

442 2142 557 2198 Quae
588 2155 699 2186 cum
721 2140 822 2203 jam
851 2140 991 2187 fuisse
1023 2140 1229 2187 factitata
1260 2139 1450 2186 illustris
1484 2139 1787 2204 Burgundio-

377 2233 493 2264 num
511 2216 609 2263 dux
631 2216 872 2274 audiisset,
893 2233 1036 2281 seque
1058 2218 1121 2264 ita
1141 2217 1214 2264 sui
1232 2217 1486 2263 comitatus
1502 2218 1787 2269 Ferretensis

376 2294 674 2358 possessione
696 2293 948 2358 spoliatum
962 2330 974 2353 ,
1002 2311 1145 2358 quem
1166 2294 1327 2359 paucis
1349 2304 1459 2341 ante
1477 2295 1613 2341 annis
1634 2294 1784 2341 multo

376 2380 556 2417 emerat
573 2387 690 2417 auro
705 2408 717 2431 ,
743 2366 791 2418 et
811 2371 1091 2418 rebellantes
1108 2371 1348 2432 subditos,
1373 2387 1400 2418 a
1418 2388 1468 2418 se
1491 2370 1782 2430 deficientes,

374 2447 612 2495 venditori
635 2447 814 2508 eidem,
839 2464 868 2495 a
889 2465 986 2513 quo
1006 2449 1105 2513 ipse
1126 2465 1236 2494 eum
1260 2458 1461 2510 emerat,
1485 2464 1586 2495 sese
1617 2447 1787 2495 redhi-

375 2524 534 2572 buisse
556 2534 603 2571 et
632 2524 794 2571 denuo
829 2525 1077 2572 tradidisse
1097 2562 1108 2583 ,
1141 2524 1362 2588 gravibus
1395 2525 1462 2572 ira
1491 2534 1632 2589 atque
1659 2523 1787 2570 indi-

378 2603 601 2665 gnatione
631 2602 855 2649 adversus
876 2619 957 2649 eos
986 2602 1254 2658 incanduit,
1288 2602 1499 2666 cogitans
1527 2602 1785 2666 (quatenus

431 2780 469 2814 1.
502 2780 602 2814 Ante
620 2775 713 2814 dans
732 2775 768 2814 le
783 2789 854 2815 ms,

429 2838 468 2876 2.
499 2836 676 2887 Chapitre
696 2835 873 2887 imprime
893 2835 987 2873 dans
1000 2835 1272 2885 l’Amlessima
1283 2837 1461 2885 collectio,
1477 2844 1505 2875 t.
1522 2838 1588 2884 lv,
1602 2835 1677 2874 ool.
1688 2837 1779 2874 7¹1³.
