2054 3470
746 327 895 366 LIBER
921 324 1191 366 SECUNDUS.
1605 326 1679 364 187

266 420 340 470 vel
366 419 427 467 ad
448 433 611 467 secum
633 414 900 463 ineundum
922 413 1153 461 amicitias
1171 411 1524 478 compellendo,
1548 423 1595 461 et
1613 415 1682 462 eis

264 498 452 565 penitus
472 492 830 552 renuntiando¹,
849 507 969 556 quas
990 507 1100 539 cum
1126 490 1256 538 dicto
1280 490 1682 554 Burgundionum

265 576 387 624 duce
409 571 668 639 copularat.
690 573 852 617 Unum
869 569 999 617 enim
1016 567 1090 615 vel
1107 568 1313 616 alterum
1332 567 1372 615 si
1393 578 1680 617 consecutus

265 653 408 714 foret,
437 666 538 698 non
566 647 758 696 difficile
787 647 991 694 nimium
1018 645 1272 712 reputabat
1299 645 1442 710 quin,
1472 661 1585 692 cum
1608 645 1683 693 his

266 744 384 795 quas
404 725 611 775 habebat
634 724 785 790 copiis
807 723 1116 783 militaribus,
1142 722 1333 786 adjutus
1357 722 1500 769 etiam
1528 723 1681 770 Brito-

265 806 424 866 nibus,
449 803 525 852 vel
545 803 606 851 de
632 803 699 850 eis
732 801 944 849 securior
974 801 1125 849 factus
1157 799 1293 865 quod
1317 816 1347 847 a
1375 810 1510 864 tergo
1532 799 1682 849 relicti

262 883 354 932 sihi
381 883 579 930 minime
609 880 954 947 impedimento
976 878 1149 939 forent,
1179 877 1357 926 ducem
1379 878 1680 942 Burgundio-

263 975 383 1008 num
407 959 701 1024 opprimeret
728 966 870 1022 atque
894 957 1212 1021 exstingueret
1237 973 1247 1002 :
1286 954 1348 1003 ad
1375 955 1509 1020 quod
1536 954 1682 1003 vehe-

263 1036 413 1084 menti
433 1034 762 1093 inardescebat
786 1033 1040 1082 desiderio.

328 1114 478 1162 Missis
514 1114 657 1178 igitur
690 1113 878 1178 magnis,
909 1111 1135 1159 adversus
1174 1111 1462 1158 Britanniam
1498 1110 1678 1176 copiis,

262 1192 397 1257 quasi
430 1191 584 1239 foedus
614 1190 792 1239 habere
820 1188 961 1237 vellet
991 1205 1103 1237 cum
1132 1188 1524 1252 Burgundionum
1558 1187 1684 1236 duce

262 1285 346 1316 rex
363 1267 608 1330 simulam,
627 1284 737 1315 cum
754 1283 948 1314 suarum
966 1266 1110 1314 etiam
1128 1265 1361 1313 nonnulla
1377 1274 1511 1331 parte
1529 1266 1685 1331 copia-

263 1363 390 1406 rum,
411 1345 473 1393 ad
492 1345 727 1412 oppidum
743 1344 1121 1411 Compendium’
1138 1361 1188 1392 se
1210 1343 1430 1391 contulit.
1457 1343 1552 1392 Sed
1571 1361 1684 1392 cum

265 1422 410 1489 paulo
437 1433 571 1485 ante,
599 1424 839 1471 civitatem
866 1422 994 1469 illam
1020 1421 1339 1487 superborum
1361 1420 1684 1486 perfidorum-

266 1517 360 1565 que
387 1500 691 1562 Eburonum,
720 1499 975 1559 Leodium,
1003 1510 1266 1564 caeteraque
1290 1497 1456 1565 patriae'
1476 1499 1679 1565 oppida,

267 1578 429 1626 denuo
452 1595 729 1644 percussum
755 1578 908 1626 foedus
933 1577 1271 1643 abrumpentes
1299 1587 1347 1624 et
1373 1576 1680 1637 rebellanteS,

268 1655 661 1719 Burgundionum
680 1655 778 1703 dux
792 1655 985 1702 illustris
1002 1654 1368 1720 perdomuisset,
1387 1671 1557 1702 eorum
1573 1671 1685 1703 111oe-

266 1732 409 1780 nibus
441 1733 746 1798 turribusque
769 1732 980 1797 dejectis,
1006 1731 1268 1797 ablatisque
1290 1733 1434 1780 armis
1456 1749 1561 1797 quae
1593 1733 1684 1779 eis-

265 1809 379 1857 dem
397 1810 629 1876 superbiae
650 1820 793 1875 atque
818 1810 1092 1858 rebellionis
1114 1827 1302 1877 semper
1319 1811 1569 1858 materiam
1593 1811 1685 1858 m-i-

264 1887 578 1950 nisu-abant',
620 1897 794 1954 putans
828 1897 1084 1954 propterea
1118 1897 1290 1947 terraS,
1331 1904 1451 1952 quas
1487 1904 1515 1935 a
1551 1897 1683 1952 tergo

265 1965 578 2031 relinquebat,
600 1965 908 2032 paucioribus
924 1965 1169 2030 subjacere
1185 1965 1431 2031 periculiS,-
1448 1981 1561 2013 cum
1583 1981 1685 2014 ma-

267 2044 370 2109 gnis
389 2045 540 2111 copiis
562 2044 756 2093 obviam
779 2045 877 2109 regi
899 2045 1045 2091 venit.

333 2121 402 2169 Ad
425 2139 596 2187 quem,
622 2139 734 2169 cum
762 2123 812 2169 in
839 2125 1025 2169 Perona
1050 2120 1233 2187 oppido
1256 2130 1400 2181 esset,
1427 2137 1572 2187 supra
1595 2121 1685 2168 ssu-

269 2214 379 2247 men
405 2201 703 2260 Summonae,
735 2216 839 2258 rex,
867 2216 1035 2265 pacem
1057 2217 1169 2247 cum
1196 2215 1255 2246 eo
1284 2199 1405 2247 velle
1427 2200 1684 2247 conciliare

267 2275 519 2338 simulans,
544 2277 717 2325 multas
740 2277 998 2342 legationes
1020 2278 1148 2325 misit
1176 2296 1186 2324 ε
1214 2294 1345 2325 nunc
1371 2266 1684 2343 Andegaven·

268 2368 368 2400 sem
399 2355 700 2420 episcopum,
739 2364 1060 2419 cognomento
1096 2354 1297 2415 Balue⁸,
1332 2372 1477 2421 quem
1511 2355 1684 2403 eodem

270 2445 402 2494 paene
425 2447 554 2479 anno
577 2448 635 2479 ex
658 2432 862 2498 simplici
888 2431 1061 2480 clerico
1090 2433 1372 2498 episcopum
1393 2443 1440 2481 et
1463 2433 1682 2481 cardina-

327 2593 366 2632 1.
394 2593 523 2631 Mieux
541 2594 735 2644 vaudrait,
750 2597 809 2633 νεῖ
823 2596 879 2632 ad
892 2608 1014 2632 secum
1034 2597 1234 2634 ineundum
1250 2596 1442 2633 amicitias
1453 2604 1490 2633 et
1507 2596 1560 2632 eis
1574 2597 1686 2644 pem·-

274 2659 332 2688 tus
350 2655 635 2692 renuntiandam
647 2683 659 2702 ‚
679 2669 786 2705 quas,
802 2663 894 2701 etc„
911 2656 1176 2706 compellendo.

327 2712 365 2749 2.
397 2712 643 2765 Compiegne.

327 2772 364 2809 3.
395 2771 614 2812 Novembre
631 2776 749 2813 1467.

328 2832 366 2867 4.
396 2833 491 2868 Jean
510 2831 640 2871 Balue.
