2054 3470
407 355 484 393 150
691 410 695 414 ⁵
772 346 1115 393 HISTORIARUM
1140 342 1380 391 Lunovlm
1406 353 1464 390 XI

875 551 1218 597 CAPITULUM
1250 551 1352 597 XII.

1638 642 1659 665 e

473 683 668 731 Quomodo
684 687 858 722 tentamm
873 683 940 720 fuit
954 683 1089 720 ducum
1102 685 1332 721 Normanniae
1346 693 1381 722 et
1394 685 1584 722 Britanniae
1596 686 1756 723 reconci-

945 738 1128 774 liationem
1153 740 1280 775 facere.

468 863 566 908 Rex
594 868 757 907 autem
788 859 893 924 (qui
922 876 1023 907 non
1056 858 1119 907 ad
1151 858 1283 907 aliud
1318 858 1565 921 inhiabat,
1605 869 1655 907 et
1688 859 1826 924 cujus

403 939 562 986 omnis
585 937 775 985 animus
804 937 868 984 ad
896 937 1014 984 tales
1043 936 1261 985 ferendas
1283 937 1360 984 vel
1385 936 1619 985 fovendas
1642 935 1827 984 dissen-

401 1016 562 1064 siones
582 1014 886 1074 intendebat,
913 1024 967 1062 ut
988 1014 1050 1063 ad
1078 1013 1197 1063 fines
1220 1031 1249 1062 a
1272 1031 1322 1062 se
1352 1016 1541 1081 cupitos
1564 1014 1825 1080 aliquando

401 1093 652 1160 pervenire
690 1092 892 1158 posset),
926 1091 1011 1140 tali
1040 1092 1104 1140 ad
1129 1109 1181 1140 se
1211 1108 1406 1140 rumore
1439 1092 1624 1158 perlato
1638 1130 1651 1154 ‚
1682 1093 1827 1142 vehe-

403 1181 591 1219 menter
623 1180 695 1218 est
727 1170 914 1235 gavisus
929 1209 943 1229 ‚
980 1170 1130 1235 ipsius
1162 1170 1416 1218 Britanniae
1449 1170 1587 1219 ducis
1622 1187 1735 1235 erga
1775 1189 1826 1220 se

402 1247 841 1297 reconciliationem
870 1247 1084 1295 laetanter
1113 1249 1376 1313 suscipiens
1392 1284 1404 1308 ,
1445 1257 1493 1295 et
1513 1247 1717 1296 libenter
1741 1248 1826 1296 ad-

404 1321 596 1368 mittens
621 1329 765 1384 atque
795 1335 1039 1380 annuens;
1077 1320 1321 1385 ipsiusque
1360 1319 1642 1368 satellitibus
1670 1331 1827 1368 custo-

403 1398 507 1446 dias
525 1397 770 1444 civitatum
799 1405 848 1444 et
876 1396 1172 1462 oppidorum
1194 1397 1389 1461 majoris
1411 1397 1559 1463 partis
1579 1398 1827 1445 Norman-

402 1474 518 1534 niae‚
544 1491 665 1539 quas
687 1475 887 1521 nomine
911 1474 1099 1521 domini
1130 1474 1317 1536 Caroli,
1342 1475 1647 1523 Normanniae
1667 1474 1823 1536 ducis,

403 1561 684 1618 receperant
701 1589 713 1612 ‚
756 1551 1086 1618 plurimosque
1125 1550 1340 1599 honores
1379 1552 1430 1598 in
1470 1552 1718 1618 provincia
1752 1553 1827 1600 -eis

404 1633 678 1683 concedens
702 1643 750 1681 et
773 1632 986 1692 tradens,
1021 1631 1083 1680 ad
1106 1649 1194 1681 sua
1214 1633 1453 1699 stipendia
1471 1633 1695 1681 trecentis
1721 1633 1827 1681 lan-

403 1711 500 1759 ceis
519 1727 578 1758 ex
599 1710 768 1758 militia
799 1709 936 1758 ducis
963 1710 1243 1768 Britanniae,
1267 1727 1358 1775 pro
1390 1711 1636 1776 praesidio,
1672 1711 1721 1758 in
1752 1710 1826 1759 di-

404 1788 552 1835 versis
570 1787 690 1835 locis
707 1790 746 1834 N
750 1787 1013 1835 ormanniae
1029 1786 1275 1834 collocatis
1293 1797 1341 1834 et
1363 1786 1645 1834 distributis.

472 1869 524 1913 ln
540 1866 750 1913 crastino
769 1875 932 1913 autem
954 1865 1195 1928 ingressus
1211 1864 1347 1911 ducis
1369 1865 1418 1911 in
1436 1864 1792 1928 Rothomagum
1807 1902 1820 1926 ,

402 1950 734 1988 convenerunt
761 1941 862 2005 ipse
885 1940 1112 1988 dominus
1133 1938 1331 1986 Carolus
1353 1949 1400 1986 et
1423 1939 1676 1986 Britanniae
1693 1939 1790 1986 dux
1808 1977 1821 1999 ,

404 2020 453 2067 in
486 2018 600 2066 villa
633 2035 740 2083 quae
775 2027 975 2065 vocatur
1007 2020 1178 2063 Portus
1210 2016 1652 2078 Sancti-Audoeni¹‚
1678 2033 1825 2082 supra

402 2097 557 2161 ripam
574 2098 830 2160 Sequanae,
856 2111 1009 2160 prope
1030 2093 1423 2141 Pontem-Archae
1436 2130 1448 2153 ‚
1470 2092 1756 2142 instantibus
1777 2103 1825 2142 et

401 2171 800 2238 prosequentibus
822 2170 1040 2236 plurimis
1067 2170 1347 2236 proceribus
1369 2171 1673 2219 Normanniae
1694 2181 1743 2219 et
1771 2171 1825 2219 il-

399 2249 534 2297 lustri
550 2248 727 2296 comite
746 2249 993 2310 Dunensi,
1019 2248 1104 2313 qui
1125 2248 1236 2295 satis
1258 2248 1524 2296 luculenter
1545 2247 1822 2297 intuebatur

400 2321 592 2375 ruinam
609 2325 746 2373 ducis
764 2325 1071 2372 Normanniae
1083 2363 1095 2385 ,
1123 2325 1200 2372 cui
1218 2324 1420 2373 ducatus
1436 2326 1603 2373 firmus
1618 2326 1820 2374 nullate-

399 2423 490 2453 nus
509 2417 612 2453 esse
632 2414 848 2470 poterat,
873 2403 987 2463 nisi,
1012 2403 1403 2452 reconciliatione
1424 2403 1546 2451 facta
1565 2420 1678 2451 cum
1699 2403 1822 2453 duce

399 2484 676 2542 Britanniae,
708 2482 808 2546 ejus
837 2498 932 2546 ope
959 2491 1005 2528 et
1037 2471 1213 2529 auiilio
1237 2483 1395 2541 nixus,
1423 2498 1474 2529 se
1507 2491 1675 2529 contra
1697 2486 1820 2548 regis

397 2561 664 2628 potentiam
709 2561 854 2608 tutari
889 2569 936 2607 et
972 2559 1230 2608 defendere
1266 2569 1444 2626 posset.
1490 2562 1600 2609 Erat
1642 2577 1820 2627 nempe

397 2638 528 2686 velut
549 2637 694 2686 arbor
714 2637 903 2684 noviter
925 2646 1060 2684 terrae
1083 2636 1326 2698 mandata,
1355 2654 1477 2701 quae,
1502 2637 1724 2686 nondum
1741 2654 1818 2686 ra-

397 2715 584 2764 dicibus
599 2714 766 2762 defixis
781 2714 886 2762 solo
899 2714 1129 2773 haerebat,
1151 2715 1235 2762 sed
1254 2715 1458 2764 convelli
1478 2715 1613 2764 facile
1630 2726 1820 2783 poterat

450 2858 467 2893 1
520 2835 890 2895 Port-Saint-Ouen.
