2054 3470
437 285 487 322 50
793 281 1133 320 HISTORIARUM
1158 281 1393 320 LUDOVICI
1420 283 1476 319 XI

436 369 663 433 sariisque
683 367 824 416 rebus
841 366 1064 416 omnibus
1084 368 1394 432 improvisum
1412 385 1473 415 ne
1490 369 1554 416 ita
1568 367 1688 416 illud
1704 369 1840 417 obire

435 441 683 510 cogendus
709 445 857 508 esset)
893 461 943 491 se
976 454 1249 492 excusatum
1284 445 1409 509 apud
1445 462 1603 509 regem
1640 446 1835 507 faceret,

435 525 638 573 offerens
662 541 712 571 se
733 532 903 589 praesto
930 532 978 570 et
997 523 1269 570 ultroneum
1292 522 1353 569 ad
1376 522 1426 569 id
1456 540 1629 570 munus
1659 522 1841 570 obeun-

433 601 573 662 dum,
603 602 640 648 si
668 600 862 647 classem
893 600 1169 646 instructam
1204 608 1251 645 et
1285 598 1524 651 militiam,
1554 609 1839 664 caeterasque

431 696 508 727 res
535 678 597 726 ad
629 687 768 726 tantae
800 676 868 723 rei
900 675 1077 722 molem
1106 674 1442 740 perficiendas,
1484 675 1747 723 concedere
1791 685 1839 724 et

432 756 698 803 ministrare
714 753 871 812 vellet,
892 769 994 799 non
1016 761 1086 799 est
1107 751 1380 811 exauditus;
1408 752 1493 799 sed
1516 762 1698 801 mature
1724 769 1836 800 cum

430 834 591 897 regina
618 833 915 880 transfretare
937 839 1007 878 est
1026 830 1226 894 jussus¹.

495 914 758 975 Aggregans
788 909 947 973 itaque
975 907 1280 954 collectitium
1317 907 1521 956 militum
1555 924 1836 968 numerum,

428 988 616 1038 circiter
631 1003 782 1051 usque
802 985 863 1032 ad
883 985 1178 1049 octingentos
1196 985 1344 1046 viros,
1362 994 1461 1033 tam
1480 986 1592 1046 suis,
1609 1001 1754 1050 quam
1772 1003 1842 1034 re-

431 1066 548 1128 ginae
564 1063 866 1130 sumpfibus’,
886 1079 997 1110 cum
1019 1062 1188 1124 exigua
1206 1070 1254 1108 et
1274 1062 1382 1109 exili
1398 1062 1544 1111 classe
1564 1064 1614 1110 in
1631 1064 1837 1110 Scotiam

428 1158 538 1189 cum
558 1142 720 1205 regina
738 1140 935 1203 trajecit.
957 1137 1049 1185 Ubi
1067 1155 1178 1185 cum
1194 1139 1361 1185 Scotos
1373 1138 1435 1186 ad
1449 1139 1697 1187 ferendum
1717 1143 1839 1188 Hen-

425 1219 524 1266 rico
553 1218 727 1266 auxilia
747 1217 1046 1278 concitasset,
1070 1225 1118 1262 et
1137 1215 1371 1262 nonnulla
1393 1232 1545 1281 eaque
1573 1232 1720 1282 parva
1748 1233 1839 1282 pro

427 1297 631 1344 Henrico
649 1296 848 1354 fecisset,
870 1296 1022 1341 Scotis
1043 1304 1173 1356 terga
1197 1293 1516 1341 vertentibus³
1538 1304 1586 1342 et
1605 1296 1690 1356 eis,
1716 1311 1839 1359 quos

424 1391 586 1423 secum
617 1391 675 1421 ex
704 1373 997 1421 Nor-mannia
1027 1371 1249 1429 duxerat,
1283 1371 1344 1418 ab
1370 1371 1571 1435 Anglicis
1597 1372 1726 1419 coesis
1760 1372 1839 1419 fu-

423 1453 579 1516 sisque
595 1452 671 1499 vel
686 1451 897 1515 captivis,
919 1451 966 1496 in
986 1449 1327 1496 Normanniam
1345 1450 1518 1495 iterum
1539 1465 1650 1495 cum
1670 1448 1840 1497 eadem

422 1530 586 1593 regina
607 1529 768 1576 denuo
790 1528 947 1574 redire
968 1535 1161 1573 coactus
1187 1527 1301 1572 est‘.
1336 1528 1453 1582 Quae
1474 1526 1616 1572 etiam
1639 1525 1700 1573 de
1722 1527 1839 1573 Sco·
1864 1576 1865 1579 ,

422 1616 584 1653 torum
606 1604 701 1652 fide
722 1621 821 1652 non
846 1603 958 1651 satis
981 1618 1169 1663 secura,
1204 1601 1480 1649 Edoardum
1503 1602 1803 1667 impuberem
1820 1639 1832 1663 ,

422 1701 563 1731 suum
586 1682 872 1746 Henricique
889 1682 1010 1744 regis
1032 1680 1187 1728 filium
1208 1681 1421 1739 unicum,
1447 1696 1610 1727 secum
1626 1679 1832 1740 advexit,

423 1771 470 1807 et
490 1778 519 1809 a
540 1763 739 1820 Renato,
762 1774 870 1820 rege
890 1757 1071 1816 Siciliae,
1094 1766 1230 1822 patre
1248 1773 1355 1816 suo,
1376 1766 1571 1820 accepto
1593 1757 1642 1802 in
1664 1755 1835 1803 ducatu

425 1837 638 1884 Barrensi
657 1835 763 1882 loco
784 1833 846 1881 ad
869 1833 1187 1887 manendum,
1213 1831 1296 1878 ubi
1321 1831 1563 1878 fortunam
1588 1831 1833 1878 meliorem

420 1913 489 1977 (si
520 1912 692 1960 divinae
719 1910 882 1975 pietati
916 1909 1142 1974 placitum
1177 1907 1390 1969 adesset)
1423 1907 1712 1971 operiretur,
1752 1906 1834 1954 illo

422 1990 651 2055 perrexit,
684 1997 731 2035 et
762 2004 848 2051 per
878 2002 1030 2034 annos
1052 1985 1211 2050 plures
1237 1984 1331 2031 illic
1357 1983 1573 2045 delituit,
1605 1985 1708 2031 viro
1744 2000 1833 2030 suo

478 2174 517 2212 ί.
547 2174 608 2210 Au
630 2169 761 2209 milieu
786 2168 917 2206 d'aofit
937 2167 1040 2205 1462
1058 2163 1075 2213 ,⁴
1095 2164 1130 2202 le
1157 2163 1216 2202 roi
1238 2163 1341 2202 etant
1368 2165 1391 2202 a
1418 2165 1568 2202 Rouen.
1596 2162 1653 2202 Cf.
1674 2165 1836 2216 Lenglet

424 2232 659 2282 Dufresnoy,
682 2230 903 2274 Commines,
924 2235 952 2266 t.
972 2229 1024 2274 11,
1046 2239 1085 2277 p.
1110 2226 1204 2263 373.

477 2294 515 2333 2.
548 2289 784 2338 Chastelain‚
812 2287 879 2339 qui
906 2294 1062 2325 raconte
1085 2285 1140 2323 les
1163 2282 1392 2335 preparatifs
1413 2282 1460 2320 de
1485 2281 1734 2333 l'expedition
1752 2281 1838 2320 d’a-

426 2352 514 2404 pres
535 2351 572 2389 le
590 2349 682 2388 recit
698 2361 773 2400 que
794 2347 850 2385 lui
871 2359 919 2384 en
938 2345 1041 2383 avait
1058 2343 1125 2382 fait
1141 2342 1258 2381 Breze
1277 2342 1480 2380 lui-meme
1493 2372 1503 2391 ‚
1524 2340 1688 2380 attribue
1708 2354 1758 2379 au
1777 2341 1837 2379 roi

425 2409 463 2450 la
487 2409 702 2448 sourniture
732 2407 780 2445 de
801 2419 844 2444 ce
863 2403 1082 2455 contingent
1099 2401 1147 2440 de
1171 2401 1256 2440 huit
1281 2408 1386 2439 cents
1406 2400 1604 2450 hommes,
1631 2400 1727 2439 mais
1749 2413 1835 2440 sans

425 2476 561 2522 argent
578 2480 678 2519 pour
695 2466 750 2504 les
771 2477 905 2516 payei·.
926 2465 973 2500 1¹²
992 2460 1137 2513 partie,
1162 2474 1312 2501 cmxxv.

480 2530 518 2567 3.
548 2530 583 2566 A
601 2539 655 2564 un
672 2525 750 2563 lieu
768 2535 844 2574 que
861 2523 1032 2573 Georges
1050 2519 1264 2579 Chastelaip
1282 2518 1434 2570 appelle
1455 2518 1542 2556 Rel.

481 2590 521 2627 4.
551 2589 649 2625 C'est
666 2597 714 2622 en
733 2581 918 2628 Flandre,
944 2593 994 2617 au
1018 2587 1104 2630 port
1125 2577 1173 2615 de
1195 2577 1381 2625 l'Ecluse‚
1401 2585 1439 2616 et
1465 2590 1545 2615 non
1571 2590 1640 2628 pas
1664 2590 1713 2615 en
1733 2579 1834 2616 Nor-

427 2645 600 2693 mandie,
620 2656 696 2695 que
720 2642 851 2681 Pierre
867 2639 916 2677 de
941 2637 1056 2677 Breze
1077 2649 1234 2675 ramena
1252 2636 1290 2675 la
1313 2636 1421 2674 reine
1441 2635 1730 2688 d’Angleterre,
1752 2638 1775 2674 a.
1799 2635 1836 2674 la

425 2707 479 2745 fin
499 2704 554 2743 du
571 2702 668 2742 mois
686 2700 817 2739 d'aot'it
835 2699 952 2737 1463.
969 2695 1198 2741 Chastelain‚
1220 2697 1273 2734 11⁶
1292 2695 1429 2748 partie,
1453 2709 1486 2734 c.
1509 2708 1599 2745 xm,
1620 2703 1659 2735 et
1675 2693 1836 2749 Lenglet

427 2764 660 2812 Dusresnoy‚
682 2762 904 2806 commines,
924 2765 953 2798 t.
977 2758 1029 2803 11,
1050 2768 1088 2806 p.
1112 2757 1205 2793 178.
