2054 3470
416 343 467 379 20
780 344 1122 382 HISTORIARUM
1149 348 1388 385 LUDOVICI
1414 348 1473 384 XI

415 428 632 494 pessimis
653 442 709 478 ac·
724 430 1028 495 iniquissimis
1045 432 1259 480 moribus
1278 434 1403 491 viro,
1420 449 1564 496 quem
1585 449 1683 497 prae
1704 441 1835 482 caete·

414 505 479 552 ris
500 505 741 570 potissime
757 506 917 554 bonus
932 525 1015 555 rex
1038 508 1289 557 defunctus
1313 526 1511 556 exosum
1536 525 1724 574 semper
1744 509 1834 558 ha—

414 580 606 644 buerat,
629 583 749 632 duas
771 584 832 632 de
856 585 1115 649 majoribus
1139 597 1185 633 et
1213 588 1363 650 magis
1393 587 1671 651 quaestuosis
1699 589 1832 651 regni

414 658 905 709 administrationibus
949 680 1029 710 seu
1071 663 1238 711 officiis
1277 663 1532 711 contulerit
1562 682 1572 710 ε
1614 664 1834 713 videlicet

412 736 624 785 officium
646 738 861 786 Amiralis
881 755 936 786 ac
958 740 1171 788 officium
1190 741 1348 804 Magni
1371 741 1578 804 Magistri
1613 741 1710 788 sive
1734 744 1832 789 Re-

411 814 680 863 formatoris
702 816 942 880 sylvarum
966 827 1014 864 et
1036 818 1291 865 fluminum
1311 820 1323 842 ¹
1341 837 1353 878 ;
1381 818 1552 865 amotis
1574 819 1686 866 inde
1708 819 1832 867 duo-

409 891 502 940 bus
517 893 821 941 nobilissimis
840 894 1065 954 dominis,
1087 895 1147 943 de
1163 896 1338 960 primo,
1359 895 1558 942 domino
1573 895 1636 943 da
1645 895 1787 943 Baeil
1797 898 1828 958 ¹,

410 970 616 1018 militum
646 972 971 1018 strenuissimo
995 971 1133 1029 duce,
1164 982 1211 1018 et
1233 972 1294 1019 de
1317 972 1550 1033 secundo,
1573 973 1749 1020 comite
1771 972 1832 1020 de

408 1047 701 1094 Tancarvilla
716 1049 749 1106 ³,
768 1048 985 1113 principe
1008 1065 1062 1095 ac
1084 1049 1187 1095 viro
1213 1049 1416 1113 optimo,
1435 1049 1518 1113 qui
1533 1049 1702 1097 eadem
1724 1048 1831 1096 offi-

407 1124 480 1170 cia
499 1124 584 1171 diu
601 1123 691 1171 sub
712 1134 845 1189 patre
872 1124 1098 1172 defuncto
1121 1135 1403 1184 tenuerant,
1436 1125 1622 1190 sibique
1660 1136 1707 1174 et
1742 1126 1830 1174 toti

407 1218 554 1266 regno
579 1203 697 1266 grati
715 1202 981 1250 admodum
999 1203 1296 1251 exstiterant.

472 1281 590 1325 Cum
613 1289 770 1326 autem
793 1279 881 1326 sul)
903 1279 1182 1343 hujusmodi
1201 1282 1374 1342 Magno
1396 1281 1619 1343 Magistro
1634 1280 1728 1327 sint
1744 1298 1830 1345 per

406 1365 560 1402 totum
579 1373 781 1419 regnum
795 1355 1035 1415 officiales,
1056 1356 1139 1420 qui
1157 1356 1388 1403 forestarii
1405 1355 1724 1421 appellantur,
1745 1373 1831 1421 per

404 1433 610 1496 singulas
628 1434 798 1497 sylvas,
814 1433 1058 1481 interdum
1071 1434 1214 1480 etiam
1237 1435 1284 1480 in
1303 1433 1473 1481 eadem
1489 1433 1637 1498 sylva,
1653 1435 1694 1480 si
1709 1434 1830 1481 mul-

403 1520 451 1556 tu
460 1528 504 1556 m
528 1521 721 1559 extensa
744 1520 832 1569 est,
858 1510 954 1559 duo
972 1521 1054 1558 aut
1074 1511 1233 1575 plures
1250 1510 1340 1557 sub
1360 1510 1556 1574 singulis
1575 1510 1830 1558 forestariis

402 1588 682 1647 servientes,
708 1605 798 1654 pro
831 1589 1073 1653 sylvarum
1105 1598 1151 1635 et
1185 1589 1393 1635 saltuum
1427 1588 1657 1636 custodiis
1687 1598 1735 1636 et
1766 1589 1829 1636 ad

401 1666 593 1713 easdem
615 1667 883 1714 lustrandas
912 1667 1127 1732 deputati
1157 1667 1250 1732 (ne
1282 1667 1400 1731 quid
1431 1667 1553 1714 forte
1585 1666 1750 1713 damni
1778 1668 1827 1713 in

395 1743 514 1805 juris
534 1745 650 1808 regii
671 1744 1000 1809 praejudicium
1016 1745 1269 1807 jacturaeve
1290 1743 1596 1803 admittatur,
1623 1744 1721 1791 sive
1742 1760 1827 1791 ar·-

400 1818 542 1866 bores
555 1820 717 1867 furtim
727 1821 974 1880 caedendo,
988 1821 1085 1867 sive
1103 1821 1223 1867 feras
1235 1820 1458 1867 venando
1472 1836 1557 1867 seu
1567 1811 1821 1885 capiendo,

400 1896 472 1942 vel
489 1896 639 1960 alias),
655 1899 843 1962 sintque
862 1896 1029 1944 talium
1049 1896 1325 1943 officialium
1340 1912 1426 1960 per
1442 1905 1601 1943 totum
1621 1913 1823 1960 regnum

398 1989 533 2037 paene
551 1974 818 2034 innumeri,
846 1991 969 2038 quos
994 1990 1164 2020 omnes
1195 1974 1326 2037 regia
1354 1973 1571 2036 majestas
1607 1975 1749 2037 gratis
1779 1984 1826 2021 et

398 2051 580 2115 absque
603 2053 845 2100 exactione
869 2067 1052 2116 ponere
1075 2061 1122 2098 et
1144 2052 1388 2098 instituere
1412 2052 1674 2107 consuevit,
1705 2067 1823 2097 con—

398 2129 533 2176 cessit
575 2146 655 2176 rex
699 2139 747 2177 et
788 2129 1059 2176 facultatem
1100 2128 1232 2175 dedit
1274 2127 1471 2192 praefato
1515 2128 1716 2175 domino
1763 2129 1824 2175 de

399 2206 762 2266 Monte-Albani,
791 2207 852 2253 de
876 2206 1101 2253 omnibus
1124 2204 1293 2253 officiis
1306 2205 1642 2268 hujuscemodi
1664 2205 1825 2270 dispo-

398 2283 562 2344 nendi,
587 2293 635 2331 et
656 2284 823 2331 eadem
847 2283 1021 2348 quibus
1054 2283 1197 2332 vellet,
1224 2292 1271 2329 et
1293 2283 1516 2346 quotiens
1537 2283 1679 2330 vellet
1708 2300 1823 2330 ven-

453 2440 494 2478 1.
526 2454 545 2473 κ
566 2437 720 2476 L'office
755 2437 804 2476 de
834 2434 1129 2488 grand-maitre
1162 2449 1213 2473 ou
1251 2435 1507 2475 reformateur
1540 2436 1607 2475 des
1648 2450 1747 2476 eaux
1785 2446 1823 2476 et

404 2498 535 2536 sorets.
563 2514 580 2530 »ν

453 2559 491 2595 2.
523 2559 617 2594 Jean
639 2556 689 2594 de
710 2556 833 2604 Beuil,
853 2564 977 2594 comte
997 2555 1046 2592 de
1070 2556 1270 2602 Sancerre,
1293 2555 1430 2593 amiral
1455 2569 1544 2594 sous
1562 2556 1719 2595 Charles
1734 2559 1818 2598 vn.

456 2617 494 2654 3.
527 2616 745 2654 Guillaume
775 2616 823 2655 de
854 2618 1066 2665 Harcourt‚
1093 2615 1274 2668 seigneur
1300 2615 1349 2653 de
1377 2616 1632 2655 Tancarville.
1659 2619 1694 2654 Il
1715 2624 1822 2667 recut

401 2687 477 2713 une
496 2684 598 2713 sorte
621 2675 669 2713 de
694 2675 1056 2726 dedommagement
1075 2687 1144 2725 par
1167 2673 1204 2712 la
1223 2674 1448 2713 concession
1468 2688 1544 2725 que
1565 2675 1601 2714 le
1624 2677 1684 2714 roi
1702 2676 1758 2714 lui
1780 2675 1822 2713 fit

398 2746 448 2771 au
476 2735 570 2772 mois
599 2734 647 2772 de
672 2733 885 2773 novembre
908 2736 1004 2771 1461
1030 2733 1098 2771 des
1118 2733 1240 2771 droits
1266 2733 1314 2771 de
1334 2733 1452 2771 haute
1479 2734 1616 2782 justice
1632 2765 1644 2784 ‚
1672 2735 1764 2773 tiers
1783 2742 1821 2772 et

398 2793 543 2846 danger
580 2794 674 2832 dans
704 2794 739 2832 le
767 2795 891 2831 comte
912 2793 960 2831 de
984 2793 1238 2832 Tancarville.
1276 2795 1541 2832 Ordonnances
1571 2796 1636 2832 des
1668 2799 1743 2831 mis
1770 2796 1820 2831 de

401 2855 560 2900 France,
583 2861 610 2889 t.
636 2855 714 2901 XV,
735 2866 775 2903 p.
798 2854 890 2891 211.
