<?xml version="1.0" encoding="UTF-8"?>
<!DOCTYPE html PUBLIC "-//W3C//DTD XHTML 1.0 Transitional//EN"
    "http://www.w3.org/TR/xhtml1/DTD/xhtml1-transitional.dtd">
<html xmlns="http://www.w3.org/1999/xhtml" xml:lang="en" lang="en">
 <head>
  <title>
</title>
<meta http-equiv="Content-Type" content="text/html;charset=utf-8" />
  <meta name='ocr-system' content='tesseract 3.04.00' />
  <meta name='ocr-capabilities' content='ocr_page ocr_carea ocr_par ocr_line ocrx_word'/>
</head>
<body>
  <div class='ocr_page' id='page_1' title='image "./histoiredesrgn02basiuoft_0326.png"; bbox 0 0 2054 3470; ppageno 0'>
   <div class='ocr_carea' id='block_1_1' title="bbox 471 321 1523 360">
    <p class='ocr_par' dir='ltr' id='par_1_1' title="bbox 471 321 1523 360">
     <span class='ocr_line' id='line_1_1' title="bbox 471 321 1523 360; baseline 0.003 -3"><span class='ocrx_word' id='word_1_1' title='bbox 471 322 548 358; x_wconf 71' lang='lat'><strong>242</strong></span> <span class='ocrx_word' id='word_1_2' title='bbox 837 321 1179 360; x_wconf 87' lang='lat' dir='ltr'>HISTORIARUM</span> <span class='ocrx_word' id='word_1_3' title='bbox 1203 322 1439 360; x_wconf 91' lang='lat' dir='ltr'>LUDOVICI</span> <span class='ocrx_word' id='word_1_4' title='bbox 1465 323 1523 360; x_wconf 89' lang='lat' dir='ltr'><strong>XI</strong></span> 
     </span>
    </p>
   </div>
   <div class='ocr_carea' id='block_1_2' title="bbox 461 407 1889 2720">
    <p class='ocr_par' dir='ltr' id='par_1_2' title="bbox 465 407 1883 689">
     <span class='ocr_line' id='line_1_2' title="bbox 469 407 1881 473; baseline 0.002 -18"><span class='ocrx_word' id='word_1_5' title='bbox 469 417 600 456; x_wconf 88' lang='lat' dir='ltr'><strong>tanta</strong></span> <span class='ocrx_word' id='word_1_6' title='bbox 631 409 808 473; x_wconf 90' lang='lat' dir='ltr'>quippe</span> <span class='ocrx_word' id='word_1_7' title='bbox 842 407 1100 472; x_wconf 88' lang='lat' dir='ltr'><strong>cupiditate</strong></span> <span class='ocrx_word' id='word_1_8' title='bbox 1133 426 1217 456; x_wconf 90' lang='lat' dir='ltr'><strong>seu</strong></span> <span class='ocrx_word' id='word_1_9' title='bbox 1259 408 1456 458; x_wconf 84' lang='lat' dir='ltr'><strong>libidine</strong></span> <span class='ocrx_word' id='word_1_10' title='bbox 1488 409 1771 457; x_wconf 90' lang='lat' dir='ltr'><strong>dominandi</strong></span> <span class='ocrx_word' id='word_1_11' title='bbox 1800 410 1881 458; x_wconf 88' lang='lat' dir='ltr'><strong>fla·</strong></span> 
     </span>
     <span class='ocr_line' id='line_1_3' title="bbox 467 486 1883 550; baseline 0.001 -17"><span class='ocrx_word' id='word_1_12' title='bbox 467 486 633 548; x_wconf 86' lang='lat' dir='ltr'><strong>grabat</strong></span> <span class='ocrx_word' id='word_1_13' title='bbox 674 502 870 550; x_wconf 83' lang='lat' dir='ltr'>seseque</span> <span class='ocrx_word' id='word_1_14' title='bbox 905 486 1189 548; x_wconf 89' lang='lat' dir='ltr'><strong>ulciscendi,</strong></span> <span class='ocrx_word' id='word_1_15' title='bbox 1240 496 1290 533; x_wconf 90' lang='lat' dir='ltr'><strong>ut</strong></span> <span class='ocrx_word' id='word_1_16' title='bbox 1339 487 1400 534; x_wconf 93' lang='lat' dir='ltr'><strong>de</strong></span> <span class='ocrx_word' id='word_1_17' title='bbox 1432 487 1640 550; x_wconf 86' lang='lat' dir='ltr'><strong>justitia,</strong></span> <span class='ocrx_word' id='word_1_18' title='bbox 1690 487 1751 534; x_wconf 92' lang='lat' dir='ltr'><strong>de</strong></span> <span class='ocrx_word' id='word_1_19' title='bbox 1796 486 1883 535; x_wconf 90' lang='lat' dir='ltr'><strong>ho·</strong></span> 
     </span>
     <span class='ocr_line' id='line_1_4' title="bbox 465 564 1879 630; baseline 0.001 -19"><span class='ocrx_word' id='word_1_20' title='bbox 465 581 601 626; x_wconf 87' lang='lat' dir='ltr'><strong>nore,</strong></span> <span class='ocrx_word' id='word_1_21' title='bbox 627 564 687 612; x_wconf 94' lang='lat' dir='ltr'><strong>de</strong></span> <span class='ocrx_word' id='word_1_22' title='bbox 722 564 862 620; x_wconf 85' lang='lat' dir='ltr'><strong>laude</strong></span> <span class='ocrx_word' id='word_1_23' title='bbox 884 581 969 611; x_wconf 93' lang='lat' dir='ltr'><strong>seu</strong></span> <span class='ocrx_word' id='word_1_24' title='bbox 1004 564 1177 628; x_wconf 85' lang='lat' dir='ltr'><strong>gloria,</strong></span> <span class='ocrx_word' id='word_1_25' title='bbox 1203 564 1323 612; x_wconf 88' lang='lat' dir='ltr'><strong>nihil</strong></span> <span class='ocrx_word' id='word_1_26' title='bbox 1356 566 1564 629; x_wconf 87' lang='lat' dir='ltr'><strong>cogitare</strong></span> <span class='ocrx_word' id='word_1_27' title='bbox 1594 565 1782 630; x_wconf 86' lang='lat' dir='ltr'><strong>penitus</strong></span> <span class='ocrx_word' id='word_1_28' title='bbox 1809 566 1879 612; x_wconf 86' lang='lat' dir='ltr'><strong>vi-</strong></span> 
     </span>
     <span class='ocr_line' id='line_1_5' title="bbox 465 641 676 689; baseline 0.005 -1"><span class='ocrx_word' id='word_1_29' title='bbox 465 641 676 689; x_wconf 89' lang='lat' dir='ltr'><strong>deretur.</strong></span> 
     </span>
    </p>

    <p class='ocr_par' dir='ltr' id='par_1_3' title="bbox 461 718 1889 2720">
     <span class='ocr_line' id='line_1_6' title="bbox 531 718 1878 784; baseline -0.001 -18"><span class='ocrx_word' id='word_1_30' title='bbox 531 723 651 767; x_wconf 90' lang='lat' dir='ltr'><strong>Cum</strong></span> <span class='ocrx_word' id='word_1_31' title='bbox 679 721 839 784; x_wconf 87' lang='lat' dir='ltr'><strong>itaque</strong></span> <span class='ocrx_word' id='word_1_32' title='bbox 865 719 1084 783; x_wconf 81' lang='lat' dir='ltr'><strong>concepti</strong></span> <span class='ocrx_word' id='word_1_33' title='bbox 1108 718 1461 783; x_wconf 87' lang='lat' dir='ltr'><strong>machinatique</strong></span> <span class='ocrx_word' id='word_1_34' title='bbox 1482 718 1679 782; x_wconf 88' lang='lat' dir='ltr'><strong>alicujus</strong></span> <span class='ocrx_word' id='word_1_35' title='bbox 1707 719 1878 766; x_wconf 87' lang='lat' dir='ltr'><strong>atrocis</strong></span> 
     </span>
     <span class='ocr_line' id='line_1_7' title="bbox 466 795 1880 861; baseline 0 -19"><span class='ocrx_word' id='word_1_36' title='bbox 466 796 668 856; x_wconf 89' lang='lat' dir='ltr'><strong>sceleris,</strong></span> <span class='ocrx_word' id='word_1_37' title='bbox 696 813 754 843; x_wconf 86' lang='lat' dir='ltr'><strong>ex</strong></span> <span class='ocrx_word' id='word_1_38' title='bbox 778 807 876 844; x_wconf 91' lang='lat' dir='ltr'><strong>tam</strong></span> <span class='ocrx_word' id='word_1_39' title='bbox 902 798 1185 860; x_wconf 88' lang='lat' dir='ltr'><strong>intempesta</strong></span> <span class='ocrx_word' id='word_1_40' title='bbox 1208 805 1254 842; x_wconf 88' lang='lat' dir='ltr'><strong>et</strong></span> <span class='ocrx_word' id='word_1_41' title='bbox 1278 796 1505 861; x_wconf 75' lang='lat' dir='ltr'><strong>praecipiti</strong></span> <span class='ocrx_word' id='word_1_42' title='bbox 1530 795 1643 842; x_wconf 91' lang='lat' dir='ltr'><strong>dicti</strong></span> <span class='ocrx_word' id='word_1_43' title='bbox 1670 795 1880 844; x_wconf 85' lang='lat' dir='ltr'><strong>bastardi</strong></span> 
     </span>
     <span class='ocr_line' id='line_1_8' title="bbox 465 872 1880 938; baseline 0 -19"><span class='ocrx_word' id='word_1_44' title='bbox 465 873 598 937; x_wconf 86' lang='lat' dir='ltr'><strong>fuga,</strong></span> <span class='ocrx_word' id='word_1_45' title='bbox 625 873 789 938; x_wconf 86' lang='lat' dir='ltr'><strong>opinio</strong></span> <span class='ocrx_word' id='word_1_46' title='bbox 812 873 981 920; x_wconf 88' lang='lat' dir='ltr'><strong>animis</strong></span> <span class='ocrx_word' id='word_1_47' title='bbox 1004 872 1221 919; x_wconf 87' lang='lat' dir='ltr'><strong>omnium</strong></span> <span class='ocrx_word' id='word_1_48' title='bbox 1246 889 1377 936; x_wconf 90' lang='lat' dir='ltr'><strong>paene</strong></span> <span class='ocrx_word' id='word_1_49' title='bbox 1400 872 1647 933; x_wconf 83' lang='lat' dir='ltr'><strong>insideret,</strong></span> <span class='ocrx_word' id='word_1_50' title='bbox 1670 889 1880 938; x_wconf 89' lang='lat' dir='ltr'><strong>propen-</strong></span> 
     </span>
     <span class='ocr_line' id='line_1_9' title="bbox 462 950 1882 1015; baseline -0.001 -17"><span class='ocrx_word' id='word_1_51' title='bbox 462 952 559 998; x_wconf 90' lang='lat' dir='ltr'><strong>sior</strong></span> <span class='ocrx_word' id='word_1_52' title='bbox 583 968 698 999; x_wconf 87' lang='lat' dir='ltr'><strong>cura</strong></span> <span class='ocrx_word' id='word_1_53' title='bbox 723 951 888 998; x_wconf 89' lang='lat' dir='ltr'><strong>habita</strong></span> <span class='ocrx_word' id='word_1_54' title='bbox 912 960 983 998; x_wconf 92' lang='lat' dir='ltr'><strong>est</strong></span> <span class='ocrx_word' id='word_1_55' title='bbox 1008 950 1067 997; x_wconf 94' lang='lat' dir='ltr'><strong>de</strong></span> <span class='ocrx_word' id='word_1_56' title='bbox 1093 951 1238 996; x_wconf 90' lang='lat' dir='ltr'><strong>totius</strong></span> <span class='ocrx_word' id='word_1_57' title='bbox 1267 951 1335 996; x_wconf 92' lang='lat' dir='ltr'><strong>rei</strong></span> <span class='ocrx_word' id='word_1_58' title='bbox 1359 965 1501 998; x_wconf 87' lang='lat' dir='ltr'><strong>scena</strong></span> <span class='ocrx_word' id='word_1_59' title='bbox 1525 951 1882 1015; x_wconf 88' lang='lat' dir='ltr'><strong>inquisitionem</strong></span> 
     </span>
     <span class='ocr_line' id='line_1_10' title="bbox 463 1028 1882 1094; baseline 0 -17"><span class='ocrx_word' id='word_1_60' title='bbox 463 1030 684 1077; x_wconf 88' lang='lat' dir='ltr'><strong>faciendi.</strong></span> <span class='ocrx_word' id='word_1_61' title='bbox 715 1031 862 1094; x_wconf 86' lang='lat' dir='ltr'><strong>Igitur</strong></span> <span class='ocrx_word' id='word_1_62' title='bbox 886 1030 1069 1093; x_wconf 91' lang='lat' dir='ltr'><strong>equites</strong></span> <span class='ocrx_word' id='word_1_63' title='bbox 1093 1028 1182 1088; x_wconf 89' lang='lat' dir='ltr'><strong>illi,</strong></span> <span class='ocrx_word' id='word_1_64' title='bbox 1215 1030 1297 1092; x_wconf 90' lang='lat' dir='ltr'><strong>qui</strong></span> <span class='ocrx_word' id='word_1_65' title='bbox 1321 1046 1431 1076; x_wconf 89' lang='lat' dir='ltr'><strong>cum</strong></span> <span class='ocrx_word' id='word_1_66' title='bbox 1460 1029 1592 1076; x_wconf 91' lang='lat' dir='ltr'><strong>bono</strong></span> <span class='ocrx_word' id='word_1_67' title='bbox 1617 1030 1794 1077; x_wconf 90' lang='lat' dir='ltr'><strong>rustico</strong></span> <span class='ocrx_word' id='word_1_68' title='bbox 1820 1030 1882 1077; x_wconf 91' lang='lat' dir='ltr'><strong>ad</strong></span> 
     </span>
     <span class='ocr_line' id='line_1_11' title="bbox 462 1105 1881 1172; baseline -0.001 -19"><span class='ocrx_word' id='word_1_69' title='bbox 462 1106 808 1154; x_wconf 87' lang='lat' dir='ltr'><strong>inveniendum</strong></span> <span class='ocrx_word' id='word_1_70' title='bbox 863 1116 1159 1172; x_wconf 87' lang='lat' dir='ltr'><strong>portatorem</strong></span> <span class='ocrx_word' id='word_1_71' title='bbox 1202 1105 1466 1152; x_wconf 84' lang='lat' dir='ltr'><strong>litterarum</strong></span> <span class='ocrx_word' id='word_1_72' title='bbox 1518 1105 1580 1152; x_wconf 91' lang='lat' dir='ltr'><strong>ad</strong></span> <span class='ocrx_word' id='word_1_73' title='bbox 1632 1107 1881 1153; x_wconf 90' lang='lat' dir='ltr'><strong>Sanctum·</strong></span> 
     </span>
     <span class='ocr_line' id='line_1_12' title="bbox 465 1180 1883 1247; baseline 0 -17"><span class='ocrx_word' id='word_1_74' title='bbox 465 1183 763 1231; x_wconf 81' lang='lat' dir='ltr'><strong>Odomaruin</strong></span> <span class='ocrx_word' id='word_1_75' title='bbox 788 1185 916 1231; x_wconf 85' lang='lat' dir='ltr'><strong>missi</strong></span> <span class='ocrx_word' id='word_1_76' title='bbox 941 1180 1144 1242; x_wconf 82' lang='lat' dir='ltr'><strong>fuerant,</strong></span> <span class='ocrx_word' id='word_1_77' title='bbox 1168 1193 1265 1229; x_wconf 88' lang='lat' dir='ltr'><strong>tam</strong></span> <span class='ocrx_word' id='word_1_78' title='bbox 1287 1192 1499 1229; x_wconf 85' lang='lat' dir='ltr'><strong>exactam</strong></span> <span class='ocrx_word' id='word_1_79' title='bbox 1521 1182 1581 1229; x_wconf 91' lang='lat' dir='ltr'><strong>de</strong></span> <span class='ocrx_word' id='word_1_80' title='bbox 1603 1183 1707 1247; x_wconf 90' lang='lat' dir='ltr'><strong>ipso</strong></span> <span class='ocrx_word' id='word_1_81' title='bbox 1730 1183 1883 1230; x_wconf 88' lang='lat' dir='ltr'><strong>iuves-</strong></span> 
     </span>
     <span class='ocr_line' id='line_1_13' title="bbox 465 1259 1883 1324; baseline -0.001 -17"><span class='ocrx_word' id='word_1_82' title='bbox 465 1261 742 1324; x_wconf 87' lang='lat' dir='ltr'><strong>tigationem</strong></span> <span class='ocrx_word' id='word_1_83' title='bbox 766 1261 1001 1320; x_wconf 85' lang='lat' dir='ltr'><strong>fecerunt,</strong></span> <span class='ocrx_word' id='word_1_84' title='bbox 1028 1259 1162 1324; x_wconf 88' lang='lat' dir='ltr'><strong>quod</strong></span> <span class='ocrx_word' id='word_1_85' title='bbox 1179 1259 1401 1306; x_wconf 89' lang='lat' dir='ltr'><strong>eumdem</strong></span> <span class='ocrx_word' id='word_1_86' title='bbox 1421 1259 1481 1304; x_wconf 86' lang='lat' dir='ltr'><strong>ad</strong></span> <span class='ocrx_word' id='word_1_87' title='bbox 1507 1262 1663 1306; x_wconf 89' lang='lat' dir='ltr'><strong>statim</strong></span> <span class='ocrx_word' id='word_1_88' title='bbox 1688 1260 1883 1306; x_wconf 87' lang='lat' dir='ltr'><strong>invene-</strong></span> 
     </span>
     <span class='ocr_line' id='line_1_14' title="bbox 462 1335 1881 1401; baseline -0.001 -17"><span class='ocrx_word' id='word_1_89' title='bbox 462 1349 600 1397; x_wconf 79' lang='lat' dir='ltr'><strong>runt,</strong></span> <span class='ocrx_word' id='word_1_90' title='bbox 642 1338 987 1401; x_wconf 87' lang='lat' dir='ltr'><strong>inventumque</strong></span> <span class='ocrx_word' id='word_1_91' title='bbox 1023 1336 1085 1384; x_wconf 91' lang='lat' dir='ltr'><strong>ad</strong></span> <span class='ocrx_word' id='word_1_92' title='bbox 1123 1336 1377 1383; x_wconf 90' lang='lat' dir='ltr'><strong>dominum</strong></span> <span class='ocrx_word' id='word_1_93' title='bbox 1412 1335 1585 1382; x_wconf 91' lang='lat' dir='ltr'><strong>ducem</strong></span> <span class='ocrx_word' id='word_1_94' title='bbox 1619 1335 1881 1383; x_wconf 90' lang='lat' dir='ltr'><strong>Hesdinum</strong></span> 
     </span>
     <span class='ocr_line' id='line_1_15' title="bbox 461 1414 1879 1478; baseline -0.001 -15"><span class='ocrx_word' id='word_1_95' title='bbox 461 1417 782 1464; x_wconf 83' lang='lat' dir='ltr'><strong>adduxerunt.</strong></span> <span class='ocrx_word' id='word_1_96' title='bbox 821 1417 914 1474; x_wconf 88' lang='lat' dir='ltr'><strong>Qui</strong></span> <span class='ocrx_word' id='word_1_97' title='bbox 952 1416 1149 1462; x_wconf 89' lang='lat' dir='ltr'><strong>solerter</strong></span> <span class='ocrx_word' id='word_1_98' title='bbox 1188 1431 1244 1462; x_wconf 89' lang='lat' dir='ltr'><strong>ac</strong></span> <span class='ocrx_word' id='word_1_99' title='bbox 1280 1414 1529 1478; x_wconf 87' lang='lat' dir='ltr'><strong>diligenter</strong></span> <span class='ocrx_word' id='word_1_100' title='bbox 1559 1415 1879 1475; x_wconf 89' lang='lat' dir='ltr'><strong>examinatus,</strong></span> 
     </span>
     <span class='ocr_line' id='line_1_16' title="bbox 465 1492 1884 1557; baseline -0.001 -17"><span class='ocrx_word' id='word_1_101' title='bbox 465 1495 605 1540; x_wconf 74' lang='lat' dir='ltr'><strong>totius</strong></span> <span class='ocrx_word' id='word_1_102' title='bbox 643 1494 831 1540; x_wconf 86' lang='lat' dir='ltr'><strong>malitiae</strong></span> <span class='ocrx_word' id='word_1_103' title='bbox 866 1503 1159 1540; x_wconf 87' lang='lat' dir='ltr'><strong>conventum</strong></span> <span class='ocrx_word' id='word_1_104' title='bbox 1193 1492 1395 1552; x_wconf 83' lang='lat' dir='ltr'><strong>detexit,</strong></span> <span class='ocrx_word' id='word_1_105' title='bbox 1433 1502 1479 1539; x_wconf 90' lang='lat' dir='ltr'><strong>et</strong></span> <span class='ocrx_word' id='word_1_106' title='bbox 1517 1492 1681 1539; x_wconf 92' lang='lat' dir='ltr'><strong>dicens</strong></span> <span class='ocrx_word' id='word_1_107' title='bbox 1713 1508 1762 1539; x_wconf 86' lang='lat' dir='ltr'><strong>se</strong></span> <span class='ocrx_word' id='word_1_108' title='bbox 1797 1510 1884 1557; x_wconf 91' lang='lat' dir='ltr'><strong>per</strong></span> 
     </span>
     <span class='ocr_line' id='line_1_17' title="bbox 463 1570 1884 1634; baseline -0.001 -16"><span class='ocrx_word' id='word_1_109' title='bbox 463 1588 623 1634; x_wconf 86' lang='lat' dir='ltr'><strong>regem</strong></span> <span class='ocrx_word' id='word_1_110' title='bbox 656 1571 716 1618; x_wconf 88' lang='lat' dir='ltr'><strong>ad</strong></span> <span class='ocrx_word' id='word_1_111' title='bbox 763 1571 1073 1628; x_wconf 86' lang='lat' dir='ltr'><strong>Balduinum,</strong></span> <span class='ocrx_word' id='word_1_112' title='bbox 1115 1570 1307 1616; x_wconf 84' lang='lat' dir='ltr'><strong>fratrem</strong></span> <span class='ocrx_word' id='word_1_113' title='bbox 1347 1587 1513 1630; x_wconf 86' lang='lat' dir='ltr'><strong>suum,</strong></span> <span class='ocrx_word' id='word_1_114' title='bbox 1556 1570 1884 1617; x_wconf 91' lang='lat' dir='ltr'><strong>transmissum</strong></span> 
     </span>
     <span class='ocr_line' id='line_1_18' title="bbox 465 1646 1883 1712; baseline 0 -18"><span class='ocrx_word' id='word_1_115' title='bbox 465 1649 628 1710; x_wconf 81' lang='lat' dir='ltr'><strong>fuisse,</strong></span> <span class='ocrx_word' id='word_1_116' title='bbox 664 1649 939 1712; x_wconf 84' lang='lat' dir='ltr'><strong>litterasque</strong></span> <span class='ocrx_word' id='word_1_117' title='bbox 971 1647 1098 1706; x_wconf 85' lang='lat' dir='ltr'><strong>illas,</strong></span> <span class='ocrx_word' id='word_1_118' title='bbox 1133 1663 1251 1710; x_wconf 90' lang='lat' dir='ltr'><strong>quas</strong></span> <span class='ocrx_word' id='word_1_119' title='bbox 1281 1646 1372 1693; x_wconf 90' lang='lat' dir='ltr'><strong>sibi</strong></span> <span class='ocrx_word' id='word_1_120' title='bbox 1404 1646 1696 1712; x_wconf 86' lang='lat' dir='ltr'><strong>reddendas,</strong></span> <span class='ocrx_word' id='word_1_121' title='bbox 1727 1647 1883 1694; x_wconf 90' lang='lat' dir='ltr'><strong>eidem</strong></span> 
     </span>
     <span class='ocr_line' id='line_1_19' title="bbox 463 1724 1885 1793; baseline -0.002 -20"><span class='ocrx_word' id='word_1_122' title='bbox 463 1727 638 1773; x_wconf 83' lang='lat' dir='ltr'><strong>rustico</strong></span> <span class='ocrx_word' id='word_1_123' title='bbox 656 1726 915 1773; x_wconf 85' lang='lat' dir='ltr'><strong>tradiderat</strong></span> <span class='ocrx_word' id='word_1_124' title='bbox 934 1724 1253 1789; x_wconf 81' lang='lat' dir='ltr'><strong>perferendas,</strong></span> <span class='ocrx_word' id='word_1_125' title='bbox 1279 1725 1534 1788; x_wconf 87' lang='lat' dir='ltr'><strong>recepisse;</strong></span> <span class='ocrx_word' id='word_1_126' title='bbox 1561 1740 1728 1793; x_wconf 77' lang='lat' dir='ltr'><strong>verum</strong></span> <span class='ocrx_word' id='word_1_127' title='bbox 1751 1724 1885 1788; x_wconf 93' lang='lat' dir='ltr'><strong>oppi-</strong></span> 
     </span>
     <span class='ocr_line' id='line_1_20' title="bbox 463 1799 1878 1868; baseline -0.004 -16"><span class='ocrx_word' id='word_1_128' title='bbox 463 1806 605 1865; x_wconf 85' lang='lat' dir='ltr'><strong>dum,</strong></span> <span class='ocrx_word' id='word_1_129' title='bbox 633 1805 747 1851; x_wconf 89' lang='lat' dir='ltr'><strong>dum</strong></span> <span class='ocrx_word' id='word_1_130' title='bbox 775 1805 932 1868; x_wconf 87' lang='lat' dir='ltr'><strong>ipsum</strong></span> <span class='ocrx_word' id='word_1_131' title='bbox 955 1802 1411 1867; x_wconf 84' lang='lat' dir='ltr'><strong>appropinquasset,</strong></span> <span class='ocrx_word' id='word_1_132' title='bbox 1437 1799 1621 1864; x_wconf 85' lang='lat' dir='ltr'><strong>ingredi</strong></span> <span class='ocrx_word' id='word_1_133' title='bbox 1643 1801 1878 1862; x_wconf 83' lang='lat' dir='ltr'><strong>timuisse,</strong></span> 
     </span>
     <span class='ocr_line' id='line_1_21' title="bbox 466 1879 1884 1943; baseline -0.004 -15"><span class='ocrx_word' id='word_1_134' title='bbox 466 1892 512 1927; x_wconf 89' lang='lat' dir='ltr'><strong>et</strong></span> <span class='ocrx_word' id='word_1_135' title='bbox 548 1883 609 1928; x_wconf 90' lang='lat' dir='ltr'><strong>ad</strong></span> <span class='ocrx_word' id='word_1_136' title='bbox 641 1880 1209 1928; x_wconf 88' lang='lat' dir='ltr'><strong>Sanctum-Odomarum</strong></span> <span class='ocrx_word' id='word_1_137' title='bbox 1240 1879 1524 1943; x_wconf 86' lang='lat' dir='ltr'><strong>profectum.</strong></span> <span class='ocrx_word' id='word_1_138' title='bbox 1560 1879 1681 1924; x_wconf 90' lang='lat' dir='ltr'><strong>Cum</strong></span> <span class='ocrx_word' id='word_1_139' title='bbox 1724 1886 1884 1924; x_wconf 90' lang='lat' dir='ltr'><strong>autem</strong></span> 
     </span>
     <span class='ocr_line' id='line_1_22' title="bbox 463 1953 1883 2005; baseline -0.004 0"><span class='ocrx_word' id='word_1_140' title='bbox 463 1959 522 2005; x_wconf 81' lang='lat' dir='ltr'><strong>ad</strong></span> <span class='ocrx_word' id='word_1_141' title='bbox 552 1960 797 2005; x_wconf 87' lang='lat' dir='ltr'><strong>veritatem</strong></span> <span class='ocrx_word' id='word_1_142' title='bbox 827 1958 1000 2004; x_wconf 91' lang='lat' dir='ltr'><strong>certius</strong></span> <span class='ocrx_word' id='word_1_143' title='bbox 1032 1955 1294 2002; x_wconf 88' lang='lat' dir='ltr'><strong>eruendam</strong></span> <span class='ocrx_word' id='word_1_144' title='bbox 1324 1955 1615 2002; x_wconf 83' lang='lat' dir='ltr'><strong>comminata</strong></span> <span class='ocrx_word' id='word_1_145' title='bbox 1643 1953 1733 2001; x_wconf 90' lang='lat' dir='ltr'><strong>sibi</strong></span> <span class='ocrx_word' id='word_1_146' title='bbox 1764 1954 1883 2001; x_wconf 90' lang='lat' dir='ltr'><strong>fuis-</strong></span> 
     </span>
     <span class='ocr_line' id='line_1_23' title="bbox 465 2031 1885 2096; baseline -0.001 -15"><span class='ocrx_word' id='word_1_147' title='bbox 465 2045 568 2081; x_wconf 85' lang='lat' dir='ltr'><strong>sent</strong></span> <span class='ocrx_word' id='word_1_148' title='bbox 591 2045 846 2094; x_wconf 88' lang='lat' dir='ltr'><strong>tormenta,</strong></span> <span class='ocrx_word' id='word_1_149' title='bbox 870 2044 918 2080; x_wconf 84' lang='lat' dir='ltr'><strong>et</strong></span> <span class='ocrx_word' id='word_1_150' title='bbox 939 2033 1000 2079; x_wconf 88' lang='lat' dir='ltr'><strong>de</strong></span> <span class='ocrx_word' id='word_1_151' title='bbox 1023 2050 1072 2079; x_wconf 93' lang='lat' dir='ltr'><strong>se</strong></span> <span class='ocrx_word' id='word_1_152' title='bbox 1094 2033 1406 2096; x_wconf 79' lang='lat' dir='ltr'><strong>quaestionem</strong></span> <span class='ocrx_word' id='word_1_153' title='bbox 1425 2031 1698 2078; x_wconf 88' lang='lat' dir='ltr'><strong>habendam</strong></span> <span class='ocrx_word' id='word_1_154' title='bbox 1720 2031 1885 2079; x_wconf 82' lang='lat' dir='ltr'><strong>sormi-</strong></span> 
     </span>
     <span class='ocr_line' id='line_1_24' title="bbox 465 2109 1881 2172; baseline -0.002 -14"><span class='ocrx_word' id='word_1_155' title='bbox 465 2112 622 2169; x_wconf 90' lang='lat' dir='ltr'><strong>daret,</strong></span> <span class='ocrx_word' id='word_1_156' title='bbox 650 2111 767 2157; x_wconf 87' lang='lat' dir='ltr'><strong>illud</strong></span> <span class='ocrx_word' id='word_1_157' title='bbox 791 2111 934 2157; x_wconf 89' lang='lat' dir='ltr'><strong>etiam</strong></span> <span class='ocrx_word' id='word_1_158' title='bbox 957 2109 1146 2171; x_wconf 86' lang='lat' dir='ltr'><strong>adjecit,</strong></span> <span class='ocrx_word' id='word_1_159' title='bbox 1178 2119 1229 2155; x_wconf 89' lang='lat' dir='ltr'><strong>ut</strong></span> <span class='ocrx_word' id='word_1_160' title='bbox 1253 2109 1341 2155; x_wconf 91' lang='lat' dir='ltr'><strong>sibi</strong></span> <span class='ocrx_word' id='word_1_161' title='bbox 1365 2125 1515 2156; x_wconf 87' lang='lat' dir='ltr'><strong>ocreae</strong></span> <span class='ocrx_word' id='word_1_162' title='bbox 1546 2125 1663 2168; x_wconf 86' lang='lat' dir='ltr'><strong>suae,</strong></span> <span class='ocrx_word' id='word_1_163' title='bbox 1690 2125 1808 2172; x_wconf 91' lang='lat' dir='ltr'><strong>quas</strong></span> <span class='ocrx_word' id='word_1_164' title='bbox 1834 2109 1881 2155; x_wconf 91' lang='lat' dir='ltr'><strong>in</strong></span> 
     </span>
     <span class='ocr_line' id='line_1_25' title="bbox 467 2185 1882 2253; baseline -0.002 -18"><span class='ocrx_word' id='word_1_165' title='bbox 467 2189 676 2253; x_wconf 90' lang='lat' dir='ltr'><strong>hospitio</strong></span> <span class='ocrx_word' id='word_1_166' title='bbox 705 2204 792 2234; x_wconf 90' lang='lat' dir='ltr'><strong>suo</strong></span> <span class='ocrx_word' id='word_1_167' title='bbox 831 2186 960 2251; x_wconf 88' lang='lat' dir='ltr'><strong>apud</strong></span> <span class='ocrx_word' id='word_1_168' title='bbox 1000 2186 1558 2233; x_wconf 88' lang='lat' dir='ltr'><strong>Sanctum-Odomarum</strong></span> <span class='ocrx_word' id='word_1_169' title='bbox 1604 2185 1882 2250; x_wconf 86' lang='lat' dir='ltr'><strong>reliquerat,</strong></span> 
     </span>
     <span class='ocr_line' id='line_1_26' title="bbox 467 2263 1885 2328; baseline -0.003 -14"><span class='ocrx_word' id='word_1_170' title='bbox 467 2268 769 2326; x_wconf 74' lang='lat' dir='ltr'><strong>afferrentur-3</strong></span> <span class='ocrx_word' id='word_1_171' title='bbox 802 2282 915 2312; x_wconf 88' lang='lat' dir='ltr'><strong>nam</strong></span> <span class='ocrx_word' id='word_1_172' title='bbox 945 2266 995 2310; x_wconf 92' lang='lat' dir='ltr'><strong>in</strong></span> <span class='ocrx_word' id='word_1_173' title='bbox 1021 2264 1213 2311; x_wconf 86' lang='lat' dir='ltr'><strong>alterius</strong></span> <span class='ocrx_word' id='word_1_174' title='bbox 1242 2274 1399 2311; x_wconf 88' lang='lat' dir='ltr'><strong>rostro</strong></span> <span class='ocrx_word' id='word_1_175' title='bbox 1425 2265 1501 2327; x_wconf 86' lang='lat' dir='ltr'><strong>(ea</strong></span> <span class='ocrx_word' id='word_1_176' title='bbox 1522 2263 1649 2310; x_wconf 87' lang='lat' dir='ltr'><strong>enim</strong></span> <span class='ocrx_word' id='word_1_177' title='bbox 1681 2273 1885 2328; x_wconf 88' lang='lat' dir='ltr'><strong>tempes-</strong></span> 
     </span>
     <span class='ocr_line' id='line_1_27' title="bbox 470 2340 1886 2409; baseline -0.002 -18"><span class='ocrx_word' id='word_1_178' title='bbox 470 2355 588 2404; x_wconf 90' lang='lat' dir='ltr'><strong>tate,</strong></span> <span class='ocrx_word' id='word_1_179' title='bbox 630 2361 716 2409; x_wconf 91' lang='lat' dir='ltr'><strong>per</strong></span> <span class='ocrx_word' id='word_1_180' title='bbox 750 2353 902 2390; x_wconf 88' lang='lat' dir='ltr'><strong>totam</strong></span> <span class='ocrx_word' id='word_1_181' title='bbox 937 2341 1140 2388; x_wconf 87' lang='lat' dir='ltr'><strong>Galliam</strong></span> <span class='ocrx_word' id='word_1_182' title='bbox 1180 2352 1226 2388; x_wconf 90' lang='lat' dir='ltr'><strong>et</strong></span> <span class='ocrx_word' id='word_1_183' title='bbox 1262 2341 1593 2398; x_wconf 86' lang='lat' dir='ltr'><strong>Germaniam,</strong></span> <span class='ocrx_word' id='word_1_184' title='bbox 1633 2340 1802 2387; x_wconf 89' lang='lat' dir='ltr'><strong>calceis</strong></span> <span class='ocrx_word' id='word_1_185' title='bbox 1838 2351 1886 2388; x_wconf 89' lang='lat' dir='ltr'><strong>et</strong></span> 
     </span>
     <span class='ocr_line' id='line_1_28' title="bbox 467 2417 1887 2483; baseline -0.003 -15"><span class='ocrx_word' id='word_1_186' title='bbox 467 2421 619 2468; x_wconf 89' lang='lat' dir='ltr'><strong>ocreis</strong></span> <span class='ocrx_word' id='word_1_187' title='bbox 645 2421 786 2483; x_wconf 85' lang='lat' dir='ltr'><strong>longa</strong></span> <span class='ocrx_word' id='word_1_188' title='bbox 814 2429 860 2466; x_wconf 90' lang='lat' dir='ltr'><strong>et</strong></span> <span class='ocrx_word' id='word_1_189' title='bbox 889 2418 1028 2465; x_wconf 85' lang='lat' dir='ltr'><strong>valde</strong></span> <span class='ocrx_word' id='word_1_190' title='bbox 1055 2418 1296 2482; x_wconf 88' lang='lat' dir='ltr'><strong>superflua</strong></span> <span class='ocrx_word' id='word_1_191' title='bbox 1318 2427 1365 2464; x_wconf 91' lang='lat' dir='ltr'><strong>et</strong></span> <span class='ocrx_word' id='word_1_192' title='bbox 1390 2417 1543 2464; x_wconf 80' lang='lat' dir='ltr'><strong>inutili</strong></span> <span class='ocrx_word' id='word_1_193' title='bbox 1566 2417 1762 2481; x_wconf 90' lang='lat' dir='ltr'><strong>cuspide</strong></span> <span class='ocrx_word' id='word_1_194' title='bbox 1785 2434 1887 2464; x_wconf 85' lang='lat' dir='ltr'><strong>ros-</strong></span> 
     </span>
     <span class='ocr_line' id='line_1_29' title="bbox 471 2494 1889 2558; baseline -0.002 -14"><span class='ocrx_word' id='word_1_195' title='bbox 471 2498 620 2544; x_wconf 82' lang='lat' dir='ltr'><strong>tratis¹</strong></span> <span class='ocrx_word' id='word_1_196' title='bbox 643 2513 811 2544; x_wconf 89' lang='lat' dir='ltr'><strong>omnes</strong></span> <span class='ocrx_word' id='word_1_197' title='bbox 835 2496 982 2542; x_wconf 81' lang='lat' dir='ltr'><strong>fei-ine</strong></span> <span class='ocrx_word' id='word_1_198' title='bbox 1011 2495 1291 2554; x_wconf 87' lang='lat' dir='ltr'><strong>utebantur,</strong></span> <span class='ocrx_word' id='word_1_199' title='bbox 1318 2494 1515 2558; x_wconf 85' lang='lat' dir='ltr'><strong>quidam</strong></span> <span class='ocrx_word' id='word_1_200' title='bbox 1541 2494 1684 2542; x_wconf 88' lang='lat' dir='ltr'><strong>etiam</strong></span> <span class='ocrx_word' id='word_1_201' title='bbox 1711 2495 1889 2541; x_wconf 85' lang='lat' dir='ltr'><strong>caeteris</strong></span> 
     </span>
     <span class='ocr_line' id='line_1_30' title="bbox 469 2573 1889 2639; baseline -0.004 -15"><span class='ocrx_word' id='word_1_202' title='bbox 469 2577 619 2624; x_wconf 89' lang='lat' dir='ltr'><strong>multo</strong></span> <span class='ocrx_word' id='word_1_203' title='bbox 639 2575 894 2639; x_wconf 80' lang='lat' dir='ltr'><strong>grossiore)</strong></span> <span class='ocrx_word' id='word_1_204' title='bbox 916 2574 1072 2621; x_wconf 89' lang='lat' dir='ltr'><strong>aiebat</strong></span> <span class='ocrx_word' id='word_1_205' title='bbox 1090 2574 1267 2621; x_wconf 88' lang='lat' dir='ltr'><strong>litteras</strong></span> <span class='ocrx_word' id='word_1_206' title='bbox 1286 2573 1595 2620; x_wconf 88' lang='lat' dir='ltr'><strong>inveniendas</strong></span> <span class='ocrx_word' id='word_1_207' title='bbox 1614 2589 1758 2620; x_wconf 87' lang='lat' dir='ltr'><strong>manu</strong></span> <span class='ocrx_word' id='word_1_208' title='bbox 1778 2589 1889 2638; x_wconf 88' lang='lat' dir='ltr'><strong>pro-</strong></span> 
     </span>
     <span class='ocr_line' id='line_1_31' title="bbox 466 2650 1885 2720; baseline -0.004 -18"><span class='ocrx_word' id='word_1_209' title='bbox 466 2656 571 2720; x_wconf 85' lang='lat' dir='ltr'><strong>pria</strong></span> <span class='ocrx_word' id='word_1_210' title='bbox 590 2654 712 2717; x_wconf 90' lang='lat' dir='ltr'><strong>regis</strong></span> <span class='ocrx_word' id='word_1_211' title='bbox 737 2662 784 2699; x_wconf 91' lang='lat' dir='ltr'><strong>et</strong></span> <span class='ocrx_word' id='word_1_212' title='bbox 807 2669 893 2699; x_wconf 94' lang='lat' dir='ltr'><strong>suo</strong></span> <span class='ocrx_word' id='word_1_213' title='bbox 917 2652 1052 2715; x_wconf 84' lang='lat' dir='ltr'><strong>signo</strong></span> <span class='ocrx_word' id='word_1_214' title='bbox 1077 2652 1307 2715; x_wconf 87' lang='lat' dir='ltr'><strong>signatas,</strong></span> <span class='ocrx_word' id='word_1_215' title='bbox 1339 2651 1388 2697; x_wconf 88' lang='lat' dir='ltr'><strong>in</strong></span> <span class='ocrx_word' id='word_1_216' title='bbox 1413 2650 1587 2713; x_wconf 91' lang='lat' dir='ltr'><strong>quibus</strong></span> <span class='ocrx_word' id='word_1_217' title='bbox 1614 2650 1759 2697; x_wconf 89' lang='lat' dir='ltr'><strong>totius</strong></span> <span class='ocrx_word' id='word_1_218' title='bbox 1784 2667 1885 2697; x_wconf 88' lang='lat' dir='ltr'><strong>ma·</strong></span> 
     </span>
    </p>
   </div>
   <div class='ocr_carea' id='block_1_3' title="bbox 525 2810 1305 2861">
    <p class='ocr_par' dir='ltr' id='par_1_4' title="bbox 525 2810 1305 2861">
     <span class='ocr_line' id='line_1_32' title="bbox 525 2810 1305 2861; baseline -0.004 -11"><span class='ocrx_word' id='word_1_219' title='bbox 525 2816 558 2850; x_wconf 90' lang='lat' dir='ltr'><strong>l.</strong></span> <span class='ocrx_word' id='word_1_220' title='bbox 591 2812 765 2851; x_wconf 91' lang='lat' dir='ltr'><strong>Allusion</strong></span> <span class='ocrx_word' id='word_1_221' title='bbox 784 2813 807 2849; x_wconf 74' lang='lat' dir='ltr'><strong>a</strong></span> <span class='ocrx_word' id='word_1_222' title='bbox 825 2811 861 2849; x_wconf 90' lang='lat' dir='ltr'><strong>la</strong></span> <span class='ocrx_word' id='word_1_223' title='bbox 880 2810 993 2848; x_wconf 86' lang='lat' dir='ltr'><strong>mode</strong></span> <span class='ocrx_word' id='word_1_224' title='bbox 1011 2810 1079 2848; x_wconf 91' lang='lat' dir='ltr'><strong>des</strong></span> <span class='ocrx_word' id='word_1_225' title='bbox 1092 2814 1305 2861; x_wconf 80' lang='lat' dir='ltr'><strong>poulaines.</strong></span> 
     </span>
    </p>
   </div>
   <div class='ocr_carea' id='block_1_4' title="bbox 2036 3011 2054 3226">
    <p class='ocr_par' dir='ltr' id='par_1_5' title="bbox 2036 3011 2054 3226">
     <span class='ocr_line' id='line_1_33' title="bbox 2036 3011 2054 3226; textangle 90"><span class='ocrx_word' id='word_1_226' title='bbox 2046 3215 2051 3226; x_wconf 48' lang='lat'><strong>⁴</strong></span> <span class='ocrx_word' id='word_1_227' title='bbox 2043 3195 2048 3203; x_wconf 81' lang='lat'><em>-</em></span> <span class='ocrx_word' id='word_1_228' title='bbox 2039 3139 2054 3179; x_wconf 50' lang='lat' dir='ltr'><strong>y..</strong></span> <span class='ocrx_word' id='word_1_229' title='bbox 2036 3011 2054 3130; x_wconf 53' lang='lat' dir='ltr'><strong>-nr-Jzuu</strong></span> 
     </span>
    </p>
   </div>
  </div>
 </body>
</html>
