2054 3470
732 376 879 413 LIBER
917 375 1186 413 SECUNDUS.
1591 376 1609 412 1
1619 377 1668 414 85)

326 470 528 532 Rogatus
546 464 686 528 igitur
701 462 1096 527 Burgundionum
1114 461 1211 508 dux
1227 477 1256 508 a
1271 477 1396 524 rege,
1417 471 1464 508 et
1481 478 1670 526 magna-

256 561 365 592 rum
388 553 528 606 atque
551 541 726 607 pluries
750 541 1024 588 iteratarum
1048 555 1247 604 precum
1270 539 1492 587 instantia
1516 542 1671 605 requi-

257 623 400 682 situs,
435 618 524 667 sibi
557 618 618 666 ad
653 635 703 665 se
737 618 963 666 veniendi
994 616 1141 664 fidam
1175 617 1475 664 securitatem
1508 617 1665 679 dedit,

256 699 364 746 licet
397 696 482 744 diu
514 695 714 743 minime
748 694 839 742 sibi
873 695 1062 761 placere
1095 694 1217 759 regis
1248 693 1310 741 ad
1342 711 1392 742 se
1426 710 1668 742 accessum

257 772 592 840 respondisset.

323 850 615 899 Adveniente
644 849 803 914 itaque
831 865 942 913 rege
968 846 1099 914 apud
1126 850 1362 896 Peronam
1388 865 1501 896 cum
1529 848 1671 897 dictis

258 926 504 988 cardinali,
532 943 620 974 suo
642 936 755 973 tunc
779 926 1074 991 permaximo
1099 925 1279 986 amicO‚
1301 925 1476 973 comite
1496 927 1674 974 Sancti-

257 1005 388 1052 Pauli
413 1013 461 1052 et
482 1003 727 1052 nonnullis
757 1004 854 1051 suis
876 1003 1179 1061 consiliariis,
1215 1002 1523 1068 stipatoribus
1554 1020 1670 1050 vero

256 1082 521 1148 perpaucis,
557 1098 670 1128 cum
706 1080 843 1128 multi
877 1097 1122 1128 sermones
1158 1080 1365 1128 invicem
1400 1079 1671 1128 amicabiles

255 1159 316 1207 de
339 1158 642 1207 concilianda
663 1174 781 1224 pace
802 1157 956 1205 habiti
986 1157 1181 1205 fuissent
1195 1196 1206 1218 ,
1234 1157 1430 1205 tandem
1455 1174 1547 1224 pax
1569 1175 1671 1224 per-

257 1245 416 1302 petua,
435 1247 481 1286 et
497 1254 604 1302 quae
617 1237 787 1284 merito
804 1235 983 1284 stabilis
1002 1246 1047 1283 et
1066 1251 1378 1301 permansura
1397 1252 1497 1283 esse
1517 1237 1672 1301 putari

258 1315 513 1378 potuisset,
548 1325 784 1362 conventa
814 1324 910 1375 est,
943 1324 990 1361 et
1020 1313 1238 1361 maximis
1267 1313 1490 1378 utrinque
1516 1330 1670 1361 sacra-

256 1392 426 1440 mentis
445 1391 668 1440 firmata¹.
697 1391 853 1440 Ambo
876 1392 1024 1453 enim,
1045 1408 1128 1439 rex
1149 1390 1370 1439 videlicet
1390 1401 1438 1439 et
1460 1395 1673 1458 Burgun-

256 1467 459 1516 dionum
487 1469 607 1531 dux,
639 1487 780 1535 super
807 1486 976 1517 verum
1004 1468 1186 1534 lignum
1213 1468 1466 1517 dominicae
1496 1471 1675 1518 crucis²

251 1545 471 1608 jurarunt
491 1559 660 1613 pacem
683 1556 964 1612 perpetuam
986 1547 1110 1594 inter
1130 1563 1196 1608 se,
1220 1556 1366 1593 terras
1390 1555 1436 1593 et
1458 1546 1673 1595 subditos

257 1639 368 1670 suos
392 1641 602 1686 servare,
629 1634 675 1671 et
698 1625 954 1671 amicitiam
977 1633 1118 1689 atque
1147 1623 1456 1671 concordiam
1486 1624 1674 1673 firmam

256 1709 400 1766 atque
433 1701 674 1762 stabilem3
713 1712 761 1749 et
790 1701 924 1766 quod
962 1702 1120 1749 nullus
1156 1718 1371 1767 unquam
1407 1702 1542 1749 alteri
1574 1703 1673 1751 bel-

256 1776 358 1826 lum
392 1779 611 1840 inferret,
640 1789 723 1827 aut
753 1779 984 1827 damnum
1012 1788 1318 1845 procuraret,
1343 1779 1421 1827 vel
1448 1780 1584 1828 terris
1617 1796 1674 1829 ac

259 1968 515 2018 Normandie,
544 1977 583 2008 et
613 1969 755 2021 stipula
782 1981 884 2021 pour
915 1967 1069 2007 celui-ci
1094 1981 1172 2007 une
1196 1969 1357 2021 pension
1387 1969 1436 2008 de
1463 1972 1514 2009 60
1529 1973 1608 2009 000
1628 1971 1675 2009 Ιί-

259 2041 363 2079 vres,
378 2028 533 2080 jusqu'a
551 2041 595 2067 ce
612 2042 688 2080 que
706 2029 743 2068 le
761 2029 820 2067 roi
838 2028 894 2067 lui
909 2030 974 2067 eut
992 2029 1180 2068 constitue
1194 2043 1248 2068 un
1263 2038 1374 2069 autre
1391 2043 1564 2085 apanage
1583 2044 1676 2070 avec

259 2087 297 2126 la
314 2088 522 2127 mediation
541 2088 595 2126 du
613 2087 688 2127 duc
707 2087 756 2127 de
773 2087 934 2128 Calabre
952 2097 990 2127 et
1008 2088 1062 2127 du
1079 2096 1206 2127 comte
1227 2088 1276 2128 de
1294 2090 1505 2132 Saint-Pol.
1534 2094 1589 2129 Le
1617 2091 1678 2130 roi

259 2157 374 2201 ayant
392 2149 460 2188 fait
477 2149 606 2203 savoir
623 2157 684 2188 cet
700 2148 839 2187 accord
863 2162 913 2187 au
932 2148 1007 2187 duc
1032 2149 1080 2187 de
1101 2151 1352 2202 Bourgogne,
1374 2150 1527 2188 celui—ci
1548 2151 1677 2189 refusa

260 2207 325 2259 d'y
342 2209 466 2248 croire
481 2209 663 2260 jusqu’au
679 2217 852 2247 moment
865 2210 917 2247 ou
934 2208 971 2247 la
989 2208 1171 2248 nouvelle
1186 2209 1243 2247 lui
1261 2222 1312 2248 en
1327 2209 1385 2247 fut
1403 2210 1587 2262 apportee
1606 2224 1677 2262 par

257 2280 312 2306 un
329 2267 468 2307 beraut
485 2268 539 2307 du
558 2268 634 2307 duc
652 2268 700 2307 de
719 2271 929 2322 Bretagne3
956 2286 972 2304 α
995 2270 1092 2308 mais
1110 2283 1155 2308 ce
1179 2283 1259 2308 non
1289 2269 1461 2320 obstant,
1479 2270 1506 2308 il
1525 2283 1575 2309 ne
1594 2273 1676 2309 s'en

257 2327 394 2366 voulut
416 2327 497 2367 aler
519 2341 569 2366 ne
599 2328 845 2380 desemparer
870 2342 939 2367 son
974 2337 1046 2367 ost.
1079 2345 1096 2365 n
1122 2331 1174 2369 Ce
1200 2329 1296 2368 recit
1322 2338 1380 2368 est
1407 2330 1678 2382 parfaitement

257 2386 481 2439 veridique3
510 2389 537 2427 il
573 2389 765 2429 concorde
800 2388 849 2428 de
883 2397 968 2428 tous
1003 2389 1132 2441 points
1168 2401 1262 2428 avec
1296 2389 1396 2428 celui
1425 2389 1473 2428 de
1500 2389 1676 2441 Philippe

259 2445 308 2485 de
333 2449 567 2498 nomines,
597 2458 636 2488 et
665 2457 817 2488 surtout
846 2462 943 2488 avec
968 2448 1006 2487 le
1034 2447 1144 2486 traite
1176 2447 1400 2494 d’Ancenis‚
1429 2449 1540 2500 passe
1568 2456 1676 2486 entre

260 2503 297 2542 le
325 2504 400 2544 duc
427 2506 476 2545 de
501 2510 690 2561 Bretagne
709 2516 747 2546 et
767 2507 883 2546 Louis
904 2509 962 2546 XI
989 2509 1055 2556 (10
1087 2506 1305 2558 septembre
1336 2509 1481 2558 1468),
1510 2508 1606 2547 dont
1624 2521 1676 2545 on

261 2571 355 2612 peut
379 2564 466 2603 voir
491 2565 528 2604 le
550 2573 652 2604 texte
677 2565 774 2605 dans
799 2565 962 2619 Lenglet
1003 2565 1240 2619 Dufresnoy‚
1268 2569 1499 2618 commines,
1533 2576 1559 2607 t.
1594 2569 1673 2622 ΠΙ,

314 2684 354 2722 1.
383 2685 438 2722 Le
459 2686 509 2723 14
527 2685 683 2725 octobre
700 2688 820 2729 1468.

314 2746 354 2785 2.
390 2763 407 2781 u
429 2748 477 2784 Et
502 2746 559 2785 sut
583 2748 678 2787 tiree
708 2749 776 2788 des
801 2750 940 2789 coffres
961 2750 1015 2788 du
1044 2763 1116 2801 roy
1145 2749 1183 2788 la
1212 2762 1330 2801 vraye
1355 2750 1466 2788 croix
1482 2762 1558 2800 que
1577 2748 1676 2786 saint

268 2805 560 2859 Charlemaigne
574 2808 730 2859 portoit,
744 2809 812 2860 qui
823 2809 1004 2862 s'appelle
1020 2809 1059 2848 la
1075 2809 1183 2848 croix
1197 2808 1246 2847 de
1263 2809 1439 2861 victoire,
1453 2817 1493 2848 et
1501 2808 1676 2857 jurerent

261 2866 298 2905 la
315 2866 420 2919 paix.
442 2884 458 2901 »
481 2867 713 2917 Commines,
731 2868 801 2907 liv.
820 2871 875 2917 11,
894 2883 929 2906 c.
950 2882 1006 2907 1x.
