2054 3470
778 330 924 368 LIBER
962 329 1207 377 QUARTUS.
1624 329 1667 367 31
1677 330 1699 366 '1

287 420 498 469 tionibus
514 419 689 479 missis,
708 427 942 482 quatenus
960 417 1213 482 impietatis
1228 417 1278 463 in
1294 426 1539 480 parentem
1556 417 1703 481 poeni-

287 498 502 546 tudinem
525 512 714 560 gerens,
735 511 846 542 eum
865 510 1055 541 carcere
1076 503 1123 542 et
1144 493 1415 558 captivitate
1436 492 1702 540 absolveret

286 586 427 639 atque
456 574 700 632 liberaret,
724 571 919 619 tandem
940 571 1002 619 ad
1025 588 1076 618 se
1098 588 1210 618 eum
1237 571 1456 618 accersiri
1474 581 1521 618 et
1541 571 1702 618 venire

287 654 439 701 fecit¹.
475 654 596 698 Cum
629 661 788 698 autem
826 649 954 715 apud
994 666 1105 697 eum
1137 658 1260 696 esset
1299 658 1344 695 et
1388 648 1448 696 de
1489 648 1704 712 hujusce-

287 730 419 778 modi
439 728 833 777 machinamentis
855 728 951 774 suis
968 743 1024 774 ac
1044 726 1221 774 foedere
1243 743 1355 774 cum
1371 727 1467 774 suis
1485 726 1704 774 hostibus

286 807 508 873 copulato
533 823 646 854 eum
680 807 1042 868 interrogasset,
1069 804 1302 870 pollicens
1337 804 1477 852 etiam
1513 805 1591 851 isti
1623 821 1704 852 ve-

288 886 416 932 niam
455 884 678 932 daturum
709 899 758 930 se
775 920 787 943 ‚
827 884 864 929 si
899 883 943 929 ei
979 892 1129 930 totam
1162 882 1427 948 plenariam
1462 883 1715 949 detegeret(

288 964 550 1023 veritatem,
578 962 743 1010 omnia
764 961 980 1022 infitiari,
1006 977 1150 1024 quam
1180 977 1348 1008 verum
1382 961 1701 1026 respondere,

288 1041 478 1100 maluit,
504 1040 752 1088 mendacia
780 1056 863 1087 sua
893 1037 1204 1102 jurejurando
1243 1038 1550 1086 confirmans.
1583 1040 1706 1085 Sane

287 1136 397 1167 cum
430 1118 820 1182 Burgundionum
854 1117 1028 1164 ducem
1060 1117 1257 1163 minime
1287 1117 1458 1164 veritas
1493 1117 1704 1164 molitio-

288 1213 407 1244 num
438 1196 628 1256 lateret‚
659 1194 855 1259 protulit
891 1195 1049 1241 statim
1080 1193 1312 1257 quasdam
1344 1194 1522 1241 litteras
1560 1194 1706 1259 ipsius

287 1271 478 1335 juvenis
500 1270 702 1318 Geldriae
728 1269 861 1316 ducis
882 1286 1030 1317 manu
1049 1269 1244 1334 propria
1261 1270 1458 1334 scriptas
1482 1280 1528 1317 et
1552 1271 1706 1334 signa-

291 1359 378 1397 tas.
397 1349 581 1407 Quibus
602 1348 691 1396 sibi
711 1348 773 1395 ad
791 1347 1143 1413 inspiciendum
1158 1347 1377 1394 exhibitis
1389 1385 1401 1407 ‚
1422 1364 1500 1394 eas
1517 1347 1707 1395 diffiteri

292 1444 399 1474 suas
434 1443 534 1474 esse
561 1443 660 1473 non
694 1426 866 1490 potuit.
905 1427 1021 1481 Quae
1042 1424 1206 1471 litterae
1236 1424 1621 1472 machinamenta
1651 1441 1707 1471 ac

292 1503 541 1550 molimina
567 1502 895 1567 proditionum
930 1498 1122 1548 suarum
1158 1509 1326 1547 contra
1360 1501 1583 1548 eumdem
1619 1500 1704 1547 du-

293 1597 397 1628 cem
416 1579 740 1627 continebant.
760 1579 933 1626 Contra
950 1593 1028 1624 eas
1046 1586 1204 1624 autem
1226 1594 1336 1624 cum
1355 1578 1708 1625 excusationem

295 1657 473 1704 nullam
502 1658 551 1704 in
586 1656 799 1703 medium
820 1654 1150 1702 rationabilem
1178 1655 1428 1717 attulisset,
1455 1656 1539 1703 sed
1569 1656 1710 1720 plane

295 1751 382 1800 per
399 1751 479 1782 eas
502 1734 563 1781 de
596 1733 804 1799 perjurio
835 1749 890 1780 ac
921 1730 1118 1797 perfidia
1142 1732 1522 1792 convinceretur,
1551 1733 1710 1796 jussus

295 1822 365 1860 est
382 1813 431 1858 in
456 1828 641 1859 carcere
670 1810 950 1868 asservari²,
985 1809 1194 1874 primum
1220 1809 1391 1857 ductus
1423 1810 1473 1856 in
1504 1818 1709 1857 castrum

296 1888 549 1937 Vilvordiae
569 1891 583 1914 ³
606 1889 729 1936 inter
745 1886 1076 1935 Macheliniam
1094 1895 1142 1933 et
1162 1887 1417 1934 Bruxellas.

360 1969 482 2015 Cum
501 1983 614 2014 vero
637 1982 723 2031 per
745 1964 941 2029 aliquod
959 1973 1147 2028 tempus
1170 1964 1220 2010 in
1244 1980 1304 2011 eo
1325 1963 1433 2011 loco
1460 1964 1622 2012 fuisset
1641 1981 1713 2013 as·

300 2054 537 2103 servatuS‚
565 2051 790 2108 corrupta
820 2040 1038 2088 custodia
1068 2039 1180 2087 inde
1214 2041 1399 2099 exiens,
1426 2041 1488 2089 ad
1519 2043 1712 2107 propria

299 2121 505 2178 reditum
527 2120 740 2185 arripuit.
770 2118 863 2166 Sed
882 2134 995 2165 cum
1016 2117 1116 2181 ejus
1138 2116 1395 2178 discessuS,
1420 2119 1585 2184 paucis
1605 2129 1714 2184 post

300 2198 483 2247 effluxis
502 2197 656 2256 horis,
680 2194 841 2243 fuisset
858 2195 1076 2258 cognitus
1092 2232 1103 2254 ‚
1127 2211 1214 2259 per
1229 2194 1443 2243 diversos
1461 2197 1643 2260 equites
1667 2205 1713 2243 et

301 2277 428 2324 varia
469 2283 748 2340 prosecutus
782 2273 978 2330 itinera,
1012 2274 1140 2336 apud
1170 2275 1460 2321 Namurcum
1492 2275 1714 2321 inventus

301 2354 413 2401 θεῖ’.
436 2352 554 2401 Inde
575 2361 736 2399 autem
758 2350 821 2397 ad
843 2349 1240 2413 Burgundionum
1269 2350 1493 2398 reductus
1512 2351 1709 2409 ducem,

356 2474 395 2511 1.
425 2475 458 2510 A
478 2472 516 2510 la
539 2472 591 2510 fin
610 2470 658 2509 de
680 2468 883 2508 decembre
904 2470 1021 2516 1470,
1046 2468 1082 2506 le
1109 2467 1184 2505 duc
1206 2468 1309 2507 etant
1329 2471 1351 2507 a
1372 2470 1534 2509 Hesdin.
1556 2470 1716 2523 Lenglet

305 2531 539 2580 Dufresnoy,
561 2532 780 2576 Commines,
801 2537 828 2566 t.
851 2530 902 2577 11,
923 2541 963 2579 p.
989 2529 1080 2565 196.

358 2591 396 2627 Ξ.
426 2590 549 2640 Apres
571 2588 681 2627 avoir
698 2587 830 2637 essaye
857 2586 905 2624 de
935 2599 976 2624 se
1003 2585 1211 2625 soustraire
1233 2599 1302 2638 par
1321 2587 1358 2626 la
1384 2588 1477 2626 fuite
1506 2590 1527 2625 a
1554 2587 1592 2626 la
1614 2600 1715 2625 ven-

305 2660 446 2701 geance
468 2647 522 2686 du
539 2647 635 2696 duc3
654 2647 751 2685 mais
777 2646 805 2684 il
829 2646 886 2684 fut
908 2645 1076 2697 rattrape
1104 2647 1126 2683 a
1155 2647 1314 2684 Namur.
1335 2646 1573 2694 Commines,
1598 2647 1622 2685 1.
1647 2648 1713 2694 IV,

304 2723 340 2749 c.
364 2723 407 2749 1.-
826 2747 830 2751 .

360 2771 398 2807 3.
428 2766 611 2807 Vilvorde
629 2779 678 2804 en
695 2766 874 2805 Brabant.

362 2831 399 2866 4.
430 2829 610 2865 L’auteur
638 2825 804 2863 confond
824 2833 921 2862 cette
952 2824 1108 2862 evasion
1136 2837 1230 2862 avec
1265 2824 1301 2861 la
1334 2824 1429 2861 suite
1456 2823 1522 2873 qui
1550 2822 1714 2876 preceda
