2054 3470
421 292 470 330 58
778 293 1119 332 HISTORIA‘RUM
1150 294 1385 334 LUDOVICI
1410 297 1467 334 XI

420 390 827 446 nunquamantea
849 391 1130 429 attentatum
1165 392 1247 430 aut
1281 381 1384 430 fieri
1412 381 1640 448 possibile
1671 382 1826 430 existi-

419 467 602 504 matum
619 473 648 505 a
665 474 909 522 quoquam
926 459 1092 518 fuerat,
1116 460 1293 525 pariter
1312 460 1619 520 advexerunt,
1643 459 1826 522 iterque

418 534 595 582 eisdem
613 536 830 600 pervium
852 536 1126 583 effecerunt.

483 612 625 675 Cujus
646 612 715 659 rei
736 629 846 660 cum
867 613 991 660 fama
1009 613 1071 660 ad
1093 614 1368 674 exercitum,
1392 615 1476 679 qui
1498 613 1628 679 apud
1645 615 1826 661 Gerun-

417 687 527 736 dam
552 686 799 755 [reginam]
823 689 1063 737 obsessam
1097 691 1313 751 tenebat,
1338 692 1562 739 nuntium
1586 690 1826 738 velocissi-

419 784 552 813 mum
575 767 833 827 detulisset,
855 771 1240 831 Francorumque
1257 784 1409 833 prope
1429 768 1679 815 imminere
1699 783 1828 815 exer-

417 844 563 890 citum
582 881 594 904 ,
643 845 851 892 exterriti
897 860 1064 891 omnes
1107 854 1250 908 atque
1301 845 1620 904 consternati,
1673 845 1825 892 soluta

417 918 693 980 obsidione,
728 921 966 984 fugerunt.
1002 920 1294 969 Ferebantur
1326 922 1377 968 in
1407 921 1656 968 obsidione
1685 921 1826 969 fuisse

417 1012 558 1061 supra
585 998 897 1062 quadraginta
932 998 1079 1046 millia
1103 998 1390 1047 ‘bellatorum'
1421 998 1510 1046 sub
1544 999 1667 1047 duce
1707 1016 1826 1064 quo-

416 1072 545 1134 dam,
571 1076 745 1122 comite
764 1075 824 1122 de
844 1076 1050 1122 Ραίῐῖαις1
1071 1077 1172 1140 qui,
1197 1076 1258 1123 ad
1279 1075 1511 1141 stipendia
1529 1075 1653 1123 illius
1675 1077 1825 1140 gentis

415 1153 588 1212 aerarii,
622 1152 756 1217 quod
779 1153 995 1217 generale
1022 1154 1275 1202 Cataloniae
1298 1152 1666 1219 nuncupabant,
1704 1157 1824 1201 Bar—

415 1229 754 1277 cinonensibus
771 1232 1041 1296 caeterisque
1061 1249 1155 1280 suae
1173 1232 1389 1279 factionis
1409 1230 1656 1279 militabat.
1678 1234 1826 1279 Fran-

414 1321 583 1353 corum
618 1324 732 1354 vero
766 1309 1021 1370 exercitus,
1061 1311 1182 1356 inter
1212 1309 1395 1372 equites
1418 1317 1466 1355 et
1493 1307 1677 1372 pedites
1694 1345 1707 1369 ‚
1744 1325 1825 1355 sex

415 1383 616 1430 millium
626 1384 838 1432 virorum
856 1403 1109 1434 numerum
1120 1386 1315 1433 minime
1328 1385 1554 1432 excedere
1568 1384 1821 1432 ferebatur.

479 1462 691 1510 Catalani
722 1474 909 1524 autem,
950 1473 1058 1511 ante
1081 1464 1328 1512 Gallorum
1362 1462 1646 1523 adventum,
1682 1461 1826 1527 longa

413 1540 542 1605 pacis
565 1540 933 1605 tranquillitate,
970 1543 1152 1605 magnis
1185 1540 1360 1606 opibus
1392 1540 1528 1587 ditati
1560 1549 1608 1587 et
1637 1539 1822 1599 referti,

414 1618 554 1664 simul
573 1626 619 1664 et
639 1618 787 1680 gloria
810 1635 969 1666 rerum
990 1636 1076 1684 per
1098 1618 1344 1665 Alfonsum
1369 1633 1529 1680 regem
1553 1633 1695 1663 suum
1724 1632 1827 1681 ges-

414 1705 571 1742 tarum
600 1697 708 1743 elati
731 1696 902 1761 (paulo
932 1707 1043 1745 ante
1067 1696 1398 1758 defunctum²)
1417 1731 1429 1754 ,
1453 1694 1627 1740 mirum
1649 1694 1699 1740 in
1722 1710 1826 1740 mo-

413 1772 529 1818 dum
565 1783 841 1837 arrogantes
876 1783 1019 1838 atque
1052 1772 1223 1820 tumidi
1254 1781 1403 1819 erant.
1441 1768 1825 1818 Contemnebant

412 1849 540 1896 enim
555 1865 749 1896 omnem
765 1850 920 1907 aliam,
938 1859 1109 1916 praeter
1121 1866 1272 1907 suam,
1288 1849 1532 1895 nationem
1550 1855 1596 1893 et
1613 1856 1820 1910 gentem,

414 1936 460 1974 et
481 1927 724 1991 potissime
755 1928 937 1987 Gallos,
970 1927 1088 1974 nihil
1111 1943 1306 1992 prorsus
1333 1941 1502 1973 eorum
1534 1924 1656 1971 vires
1681 1933 1823 1988 atque

414 2022 546 2053 arma
595 2006 838 2053 ducentes.
891 2006 1018 2063 Quin
1061 2006 1202 2053 etiam
1249 2003 1370 2051 adeo
1415 2002 1476 2049 de
1517 2018 1603 2049 sua
1652 2001 1823 2048 virtute

413 2083 617 2130 nimium
645 2092 916 2147 arroganter
941 2093 987 2129 et
1006 2092 1183 2129 temere
1208 2079 1558 2147 praesumebant
1574 2115 1586 2139 ‚
1624 2088 1677 2125 ut
1700 2094 1822 2144 saepe

411 2161 534 2208 inter
558 2161 738 2225 seipsos
755 2160 912 2208 verbis
933 2160 1152 2225 gallicum
1181 2176 1358 2207 nomen
1374 2159 1660 2205 incessentes
1678 2166 1822 2222 atque

411 2238 729 2302 deprimentes
747 2274 759 2297 ,
795 2248 1015 2303 optarent
1036 2238 1282 2285 Gallorum
1312 2236 1557 2293 militiam,
1591 2234 1668 2282 vel
1698 2235 1822 2281 intra

411 2315 611 2382 patriam
633 2331 835 2380 suasque
858 2315 999 2362 urbes
1025 2316 1123 2379 jam
1151 2315 1317 2362 adesse
1333 2351 1345 2374 ,
1382 2314 1457 2361 vel
1482 2311 1580 2379 [ad]
1603 2310 1821 2359 eamdem

411 2393 611 2457 patriam
643 2392 1007 2457 aggrediendam
1040 2393 1317 2450 adventare,
1354 2401 1407 2439 ut
1438 2391 1498 2438 de
1524 2391 1637 2456 ipsis
1671 2389 1822 2453 (quos

410 2486 495 2517 sua
521 2470 829 2518 aestimatione
855 2470 988 2517 nullo
1018 2487 1151 2536 paene
1185 2470 1377 2534 negotio
1414 2467 1677 2514 vincendos
1708 2465 1821 2513 sibi-

410 2556 507 2594 met
545 2546 917 2612 promittebant)
956 2547 1253 2613 triumphum
1291 2553 1588 2611 reportarent
1608 2581 1621 2603 ,
1667 2559 1723 2590 ac
1761 2542 1821 2589 de

463 2675 501 2711 1.
531 2675 618 2726 Ugo
634 2675 777 2727 Roger,
793 2681 918 2712 comte
939 2673 988 2711 de
1005 2673 1144 2712 Pallas.
1165 2673 1195 2712 Il
1217 2672 1474 2712 commandait
1496 2684 1590 2711 avec
1608 2671 1646 2710 le
1667 2670 1754 2709 titre
1772 2670 1821 2709 dc

409 2732 597 2785 capitaine
616 2733 771 2785 general
793 2732 840 2771 de
859 2732 1078 2786 Catalogne.

465 2792 506 2832 2.
535 2794 589 2830 Le
607 2793 658 2829 22
675 2792 762 2841 juin
778 2793 895 2831 1458.
