<?xml version="1.0" encoding="UTF-8"?>
<!DOCTYPE html PUBLIC "-//W3C//DTD XHTML 1.0 Transitional//EN"
    "http://www.w3.org/TR/xhtml1/DTD/xhtml1-transitional.dtd">
<html xmlns="http://www.w3.org/1999/xhtml" xml:lang="en" lang="en">
 <head>
  <title>
</title>
<meta http-equiv="Content-Type" content="text/html;charset=utf-8" />
  <meta name='ocr-system' content='tesseract 3.04.00' />
  <meta name='ocr-capabilities' content='ocr_page ocr_carea ocr_par ocr_line ocrx_word'/>
</head>
<body>
  <div class='ocr_page' id='page_1' title='image "./histoiredesrgn02basiuoft_0201.png"; bbox 0 0 2054 3470; ppageno 0'>
   <div class='ocr_carea' id='block_1_1' title="bbox 719 316 1650 358">
    <p class='ocr_par' dir='ltr' id='par_1_1' title="bbox 719 316 1650 358">
     <span class='ocr_line' id='line_1_1' title="bbox 719 316 1650 358; baseline 0.004 -4"><span class='ocrx_word' id='word_1_1' title='bbox 719 317 865 354; x_wconf 83' lang='lat' dir='ltr'>LIBER</span> <span class='ocrx_word' id='word_1_2' title='bbox 892 316 1162 356; x_wconf 83' lang='lat' dir='ltr'>SECUNDUS.</span> <span class='ocrx_word' id='word_1_3' title='bbox 1574 321 1592 357; x_wconf 82' lang='lat'><strong>1</strong></span> <span class='ocrx_word' id='word_1_4' title='bbox 1601 321 1620 357; x_wconf 78' lang='lat'>¹</span> <span class='ocrx_word' id='word_1_5' title='bbox 1628 323 1650 358; x_wconf 83' lang='lat'><strong>7</strong></span> 
     </span>
    </p>
   </div>
   <div class='ocr_carea' id='block_1_2' title="bbox 167 404 1654 1326">
    <p class='ocr_par' dir='ltr' id='par_1_2' title="bbox 233 404 1654 1170">
     <span class='ocr_line' id='line_1_2' title="bbox 238 404 1651 474; baseline 0 -18"><span class='ocrx_word' id='word_1_6' title='bbox 238 408 373 456; x_wconf 91' lang='lat' dir='ltr'><strong>omni</strong></span> <span class='ocrx_word' id='word_1_7' title='bbox 397 423 591 474; x_wconf 88' lang='lat' dir='ltr'><strong>prorsus</strong></span> <span class='ocrx_word' id='word_1_8' title='bbox 613 404 837 453; x_wconf 87' lang='lat' dir='ltr'><strong>violentia</strong></span> <span class='ocrx_word' id='word_1_9' title='bbox 865 413 912 452; x_wconf 90' lang='lat' dir='ltr'><strong>et</strong></span> <span class='ocrx_word' id='word_1_10' title='bbox 932 405 1181 469; x_wconf 76' lang='lat' dir='ltr'><strong>iniquitate</strong></span> <span class='ocrx_word' id='word_1_11' title='bbox 1201 404 1461 466; x_wconf 88' lang='lat' dir='ltr'><strong>abstinere;</strong></span> <span class='ocrx_word' id='word_1_12' title='bbox 1487 407 1651 456; x_wconf 90' lang='lat' dir='ltr'><strong>dicens</strong></span> 
     </span>
     <span class='ocr_line' id='line_1_3' title="bbox 237 480 1651 549; baseline -0.001 -16"><span class='ocrx_word' id='word_1_13' title='bbox 237 501 312 545; x_wconf 89' lang='lat' dir='ltr'><strong>se,</strong></span> <span class='ocrx_word' id='word_1_14' title='bbox 336 500 436 532; x_wconf 87' lang='lat' dir='ltr'><strong>uon</strong></span> <span class='ocrx_word' id='word_1_15' title='bbox 461 491 628 531; x_wconf 88' lang='lat' dir='ltr'><strong>contra</strong></span> <span class='ocrx_word' id='word_1_16' title='bbox 649 498 834 545; x_wconf 89' lang='lat' dir='ltr'><strong>regem,</strong></span> <span class='ocrx_word' id='word_1_17' title='bbox 862 480 946 529; x_wconf 91' lang='lat' dir='ltr'><strong>sed</strong></span> <span class='ocrx_word' id='word_1_18' title='bbox 969 497 1059 546; x_wconf 90' lang='lat' dir='ltr'><strong>pro</strong></span> <span class='ocrx_word' id='word_1_19' title='bbox 1082 497 1141 528; x_wconf 91' lang='lat' dir='ltr'><strong>eo</strong></span> <span class='ocrx_word' id='word_1_20' title='bbox 1161 482 1322 546; x_wconf 89' lang='lat' dir='ltr'><strong>potius</strong></span> <span class='ocrx_word' id='word_1_21' title='bbox 1345 492 1391 529; x_wconf 88' lang='lat' dir='ltr'><strong>et</strong></span> <span class='ocrx_word' id='word_1_22' title='bbox 1422 483 1472 530; x_wconf 90' lang='lat' dir='ltr'><strong>in</strong></span> <span class='ocrx_word' id='word_1_23' title='bbox 1504 484 1651 549; x_wconf 91' lang='lat' dir='ltr'><strong>ipsius</strong></span> 
     </span>
     <span class='ocr_line' id='line_1_4' title="bbox 237 558 1651 627; baseline -0.001 -16"><span class='ocrx_word' id='word_1_24' title='bbox 237 562 462 627; x_wconf 82' lang='lat' dir='ltr'><strong>regnique</strong></span> <span class='ocrx_word' id='word_1_25' title='bbox 491 560 566 608; x_wconf 88' lang='lat' dir='ltr'><strong>sui</strong></span> <span class='ocrx_word' id='word_1_26' title='bbox 596 559 878 608; x_wconf 85' lang='lat' dir='ltr'><strong>adventasse</strong></span> <span class='ocrx_word' id='word_1_27' title='bbox 914 558 1151 620; x_wconf 82' lang='lat' dir='ltr'><strong>favorem3</strong></span> <span class='ocrx_word' id='word_1_28' title='bbox 1193 559 1243 606; x_wconf 91' lang='lat' dir='ltr'><strong>id</strong></span> <span class='ocrx_word' id='word_1_29' title='bbox 1270 558 1497 625; x_wconf 90' lang='lat' dir='ltr'><strong>idemque</strong></span> <span class='ocrx_word' id='word_1_30' title='bbox 1531 561 1651 609; x_wconf 87' lang='lat' dir='ltr'><strong>alios</strong></span> 
     </span>
     <span class='ocr_line' id='line_1_5' title="bbox 236 636 1652 708; baseline -0.002 -20"><span class='ocrx_word' id='word_1_31' title='bbox 236 641 472 708; x_wconf 89' lang='lat' dir='ltr'><strong>principes</strong></span> <span class='ocrx_word' id='word_1_32' title='bbox 488 638 644 702; x_wconf 86' lang='lat' dir='ltr'><strong>regni,</strong></span> <span class='ocrx_word' id='word_1_33' title='bbox 667 655 727 684; x_wconf 84' lang='lat' dir='ltr'><strong>ex</strong></span> <span class='ocrx_word' id='word_1_34' title='bbox 741 636 969 684; x_wconf 92' lang='lat' dir='ltr'><strong>condicto</strong></span> <span class='ocrx_word' id='word_1_35' title='bbox 983 673 995 697; x_wconf 89' lang='lat'><strong>,</strong></span> <span class='ocrx_word' id='word_1_36' title='bbox 1016 637 1116 684; x_wconf 83' lang='lat' dir='ltr'><strong>fore</strong></span> <span class='ocrx_word' id='word_1_37' title='bbox 1137 636 1365 697; x_wconf 84' lang='lat' dir='ltr'><strong>facturos,</strong></span> <span class='ocrx_word' id='word_1_38' title='bbox 1388 637 1491 685; x_wconf 90' lang='lat' dir='ltr'><strong>zelo</strong></span> <span class='ocrx_word' id='word_1_39' title='bbox 1504 638 1652 686; x_wconf 90' lang='lat' dir='ltr'><strong>solius</strong></span> 
     </span>
     <span class='ocr_line' id='line_1_6' title="bbox 239 712 1648 783; baseline -0.001 -18"><span class='ocrx_word' id='word_1_40' title='bbox 239 715 504 783; x_wconf 86' lang='lat' dir='ltr'><strong>reipublicae</strong></span> <span class='ocrx_word' id='word_1_41' title='bbox 541 714 692 779; x_wconf 89' lang='lat' dir='ltr'><strong>(proh</strong></span> <span class='ocrx_word' id='word_1_42' title='bbox 727 712 901 777; x_wconf 90' lang='lat' dir='ltr'><strong>dolor)</strong></span> <span class='ocrx_word' id='word_1_43' title='bbox 924 714 1127 761; x_wconf 90' lang='lat' dir='ltr'><strong>nimium</strong></span> <span class='ocrx_word' id='word_1_44' title='bbox 1163 715 1350 762; x_wconf 84' lang='lat' dir='ltr'><strong>enervis</strong></span> <span class='ocrx_word' id='word_1_45' title='bbox 1378 724 1426 762; x_wconf 93' lang='lat' dir='ltr'><strong>et</strong></span> <span class='ocrx_word' id='word_1_46' title='bbox 1458 715 1648 775; x_wconf 66' lang='lat' dir='ltr'><strong>lacerae,</strong></span> 
     </span>
     <span class='ocr_line' id='line_1_7' title="bbox 237 791 1653 859; baseline -0.001 -16"><span class='ocrx_word' id='word_1_47' title='bbox 237 812 327 844; x_wconf 88' lang='lat' dir='ltr'><strong>nec</strong></span> <span class='ocrx_word' id='word_1_48' title='bbox 355 794 429 842; x_wconf 89' lang='lat' dir='ltr'><strong>sui</strong></span> <span class='ocrx_word' id='word_1_49' title='bbox 464 792 636 859; x_wconf 88' lang='lat' dir='ltr'><strong>privati</strong></span> <span class='ocrx_word' id='word_1_50' title='bbox 665 791 912 839; x_wconf 91' lang='lat' dir='ltr'><strong>commodi</strong></span> <span class='ocrx_word' id='word_1_51' title='bbox 949 807 1107 839; x_wconf 88' lang='lat' dir='ltr'><strong>causa.</strong></span> <span class='ocrx_word' id='word_1_52' title='bbox 1147 794 1253 857; x_wconf 88' lang='lat' dir='ltr'><strong>lpsa</strong></span> <span class='ocrx_word' id='word_1_53' title='bbox 1289 802 1448 840; x_wconf 87' lang='lat' dir='ltr'><strong>autem</strong></span> <span class='ocrx_word' id='word_1_54' title='bbox 1488 793 1653 843; x_wconf 76' lang='lat' dir='ltr'><strong>‚civitas</strong></span> 
     </span>
     <span class='ocr_line' id='line_1_8' title="bbox 235 868 1654 936; baseline -0.003 -15"><span class='ocrx_word' id='word_1_55' title='bbox 235 871 364 936; x_wconf 86' lang='lat' dir='ltr'><strong>regia</strong></span> <span class='ocrx_word' id='word_1_56' title='bbox 394 886 481 936; x_wconf 90' lang='lat' dir='ltr'><strong>per</strong></span> <span class='ocrx_word' id='word_1_57' title='bbox 516 879 672 917; x_wconf 87' lang='lat' dir='ltr'><strong>certos</strong></span> <span class='ocrx_word' id='word_1_58' title='bbox 695 868 972 934; x_wconf 87' lang='lat' dir='ltr'><strong>deputatos,</strong></span> <span class='ocrx_word' id='word_1_59' title='bbox 1000 885 1122 933; x_wconf 91' lang='lat' dir='ltr'><strong>quos</strong></span> <span class='ocrx_word' id='word_1_60' title='bbox 1150 869 1212 916; x_wconf 92' lang='lat' dir='ltr'><strong>ad</strong></span> <span class='ocrx_word' id='word_1_61' title='bbox 1246 869 1404 934; x_wconf 91' lang='lat' dir='ltr'><strong>ipsum</strong></span> <span class='ocrx_word' id='word_1_62' title='bbox 1428 870 1654 934; x_wconf 86' lang='lat' dir='ltr'><strong>requisita</strong></span> 
     </span>
     <span class='ocr_line' id='line_1_9' title="bbox 235 946 1651 1013; baseline -0.002 -14"><span class='ocrx_word' id='word_1_63' title='bbox 235 948 527 1000; x_wconf 83' lang='lat' dir='ltr'><strong>audiendum</strong></span> <span class='ocrx_word' id='word_1_64' title='bbox 557 948 840 1005; x_wconf 86' lang='lat' dir='ltr'><strong>destinarat,</strong></span> <span class='ocrx_word' id='word_1_65' title='bbox 866 946 976 994; x_wconf 89' lang='lat' dir='ltr'><strong>licet</strong></span> <span class='ocrx_word' id='word_1_66' title='bbox 1005 947 1164 994; x_wconf 90' lang='lat' dir='ltr'><strong>multis</strong></span> <span class='ocrx_word' id='word_1_67' title='bbox 1183 947 1342 996; x_wconf 86' lang='lat' dir='ltr'><strong>oblata</strong></span> <span class='ocrx_word' id='word_1_68' title='bbox 1360 957 1407 995; x_wconf 92' lang='lat' dir='ltr'><strong>et</strong></span> <span class='ocrx_word' id='word_1_69' title='bbox 1428 948 1651 1013; x_wconf 87' lang='lat' dir='ltr'><strong>requisita</strong></span> 
     </span>
     <span class='ocr_line' id='line_1_10' title="bbox 233 1025 1654 1096; baseline -0.002 -19"><span class='ocrx_word' id='word_1_70' title='bbox 233 1029 500 1096; x_wconf 82' lang='lat' dir='ltr'><strong>placerent,</strong></span> <span class='ocrx_word' id='word_1_71' title='bbox 534 1036 694 1074; x_wconf 88' lang='lat' dir='ltr'><strong>tamen</strong></span> <span class='ocrx_word' id='word_1_72' title='bbox 733 1026 835 1073; x_wconf 90' lang='lat' dir='ltr'><strong>sine</strong></span> <span class='ocrx_word' id='word_1_73' title='bbox 874 1026 1006 1090; x_wconf 89' lang='lat' dir='ltr'><strong>jussu</strong></span> <span class='ocrx_word' id='word_1_74' title='bbox 1042 1025 1166 1090; x_wconf 86' lang='lat' dir='ltr'><strong>regis</strong></span> <span class='ocrx_word' id='word_1_75' title='bbox 1206 1026 1363 1092; x_wconf 89' lang='lat' dir='ltr'><strong>ipsum</strong></span> <span class='ocrx_word' id='word_1_76' title='bbox 1402 1026 1654 1074; x_wconf 83' lang='lat' dir='ltr'><strong>admittere</strong></span> 
     </span>
     <span class='ocr_line' id='line_1_11' title="bbox 233 1103 940 1170; baseline -0.006 -16"><span class='ocrx_word' id='word_1_77' title='bbox 233 1116 281 1154; x_wconf 90' lang='lat' dir='ltr'><strong>et</strong></span> <span class='ocrx_word' id='word_1_78' title='bbox 305 1106 431 1153; x_wconf 91' lang='lat' dir='ltr'><strong>intro</strong></span> <span class='ocrx_word' id='word_1_79' title='bbox 452 1104 664 1170; x_wconf 82' lang='lat' dir='ltr'><strong>recipere</strong></span> <span class='ocrx_word' id='word_1_80' title='bbox 689 1103 940 1151; x_wconf 83' lang='lat' dir='ltr'><strong>recusavit.</strong></span> 
     </span>
    </p>

    <p class='ocr_par' dir='ltr' id='par_1_3' title="bbox 167 1181 1654 1326">
     <span class='ocr_line' id='line_1_12' title="bbox 298 1181 1651 1246; baseline -0.001 -15"><span class='ocrx_word' id='word_1_81' title='bbox 298 1187 390 1231; x_wconf 92' lang='lat' dir='ltr'><strong>lter</strong></span> <span class='ocrx_word' id='word_1_82' title='bbox 428 1192 590 1230; x_wconf 90' lang='lat' dir='ltr'><strong>autem</strong></span> <span class='ocrx_word' id='word_1_83' title='bbox 632 1199 795 1229; x_wconf 88' lang='lat' dir='ltr'><strong>versus</strong></span> <span class='ocrx_word' id='word_1_84' title='bbox 830 1181 1032 1229; x_wconf 78' lang='lat' dir='ltr'><strong>Parisios</strong></span> <span class='ocrx_word' id='word_1_85' title='bbox 1068 1181 1238 1246; x_wconf 85' lang='lat' dir='ltr'><strong>agebat</strong></span> <span class='ocrx_word' id='word_1_86' title='bbox 1270 1181 1367 1229; x_wconf 85' lang='lat' dir='ltr'><strong>dux</strong></span> <span class='ocrx_word' id='word_1_87' title='bbox 1400 1183 1651 1230; x_wconf 89' lang='lat' dir='ltr'><strong>Britonum</strong></span> 
     </span>
     <span class='ocr_line' id='line_1_13' title="bbox 167 1260 1654 1326; baseline 0 -18"><span class='ocrx_word' id='word_1_88' title='bbox 167 1280 173 1284; x_wconf 59' lang='grc'><strong>“</strong></span> <span class='ocrx_word' id='word_1_89' title='bbox 233 1278 344 1309; x_wconf 90' lang='lat' dir='ltr'><strong>cum</strong></span> <span class='ocrx_word' id='word_1_90' title='bbox 377 1277 465 1308; x_wconf 92' lang='lat' dir='ltr'><strong>suo</strong></span> <span class='ocrx_word' id='word_1_91' title='bbox 490 1260 744 1321; x_wconf 87' lang='lat' dir='ltr'><strong>comitatu,</strong></span> <span class='ocrx_word' id='word_1_92' title='bbox 782 1260 890 1324; x_wconf 90' lang='lat' dir='ltr'><strong>qui,</strong></span> <span class='ocrx_word' id='word_1_93' title='bbox 926 1276 1011 1325; x_wconf 90' lang='lat' dir='ltr'><strong>per</strong></span> <span class='ocrx_word' id='word_1_94' title='bbox 1040 1271 1198 1326; x_wconf 86' lang='lat' dir='ltr'><strong>partes</strong></span> <span class='ocrx_word' id='word_1_95' title='bbox 1230 1261 1571 1308; x_wconf 84' lang='lat' dir='ltr'><strong>Cenomanniae</strong></span> <span class='ocrx_word' id='word_1_96' title='bbox 1606 1271 1654 1309; x_wconf 88' lang='lat' dir='ltr'><strong>et</strong></span> 
     </span>
    </p>
   </div>
   <div class='ocr_carea' id='block_1_3' title="bbox 234 1334 1736 1403">
    <p class='ocr_par' dir='ltr' id='par_1_4' title="bbox 234 1334 1736 1403">
     <span class='ocr_line' id='line_1_14' title="bbox 234 1334 1736 1403; baseline 0.001 -18"><span class='ocrx_word' id='word_1_97' title='bbox 234 1337 557 1385; x_wconf 87' lang='lat' dir='ltr'><strong>Vindocinum</strong></span> <span class='ocrx_word' id='word_1_98' title='bbox 584 1336 845 1403; x_wconf 87' lang='lat' dir='ltr'><strong>oppidum,</strong></span> <span class='ocrx_word' id='word_1_99' title='bbox 874 1336 935 1384; x_wconf 90' lang='lat' dir='ltr'><strong>ad</strong></span> <span class='ocrx_word' id='word_1_100' title='bbox 959 1338 1184 1385; x_wconf 91' lang='lat' dir='ltr'><strong>comitem</strong></span> <span class='ocrx_word' id='word_1_101' title='bbox 1208 1337 1270 1385; x_wconf 88' lang='lat' dir='ltr'><strong>de</strong></span> <span class='ocrx_word' id='word_1_102' title='bbox 1296 1338 1543 1386; x_wconf 81' lang='lat' dir='ltr'><strong>Charolois</strong></span> <span class='ocrx_word' id='word_1_103' title='bbox 1572 1355 1653 1387; x_wconf 88' lang='lat' dir='ltr'><strong>ac·</strong></span> <span class='ocrx_word' id='word_1_104' title='bbox 1692 1334 1698 1339; x_wconf 61' lang='grc'><strong>”</strong></span> <span class='ocrx_word' id='word_1_105' title='bbox 1732 1344 1736 1352; x_wconf 84' lang='grc'><em>“</em></span> 
     </span>
    </p>
   </div>
   <div class='ocr_carea' id='block_1_4' title="bbox 233 1414 1659 2408">
    <p class='ocr_par' dir='ltr' id='par_1_5' title="bbox 235 1414 1323 1480">
     <span class='ocr_line' id='line_1_15' title="bbox 235 1414 1323 1480; baseline -0.001 -18"><span class='ocrx_word' id='word_1_106' title='bbox 235 1414 404 1462; x_wconf 89' lang='lat' dir='ltr'><strong>cedere</strong></span> <span class='ocrx_word' id='word_1_107' title='bbox 422 1425 470 1462; x_wconf 89' lang='lat' dir='ltr'><strong>et</strong></span> <span class='ocrx_word' id='word_1_108' title='bbox 491 1431 592 1462; x_wconf 90' lang='lat' dir='ltr'><strong>sese</strong></span> <span class='ocrx_word' id='word_1_109' title='bbox 617 1414 772 1462; x_wconf 89' lang='lat' dir='ltr'><strong>eidem</strong></span> <span class='ocrx_word' id='word_1_110' title='bbox 792 1414 991 1477; x_wconf 87' lang='lat' dir='ltr'><strong>jungere</strong></span> <span class='ocrx_word' id='word_1_111' title='bbox 1017 1414 1323 1480; x_wconf 81' lang='lat' dir='ltr'><strong>properabat.</strong></span> 
     </span>
    </p>

    <p class='ocr_par' dir='ltr' id='par_1_6' title="bbox 233 1491 1659 2408">
     <span class='ocr_line' id='line_1_16' title="bbox 301 1491 1651 1555; baseline 0.001 -16"><span class='ocrx_word' id='word_1_112' title='bbox 301 1495 418 1550; x_wconf 84' lang='lat' dir='ltr'><strong>Quae</strong></span> <span class='ocrx_word' id='word_1_113' title='bbox 435 1508 546 1539; x_wconf 91' lang='lat' dir='ltr'><strong>cum</strong></span> <span class='ocrx_word' id='word_1_114' title='bbox 568 1509 649 1538; x_wconf 86' lang='lat' dir='ltr'><strong>rex</strong></span> <span class='ocrx_word' id='word_1_115' title='bbox 683 1491 1006 1551; x_wconf 83' lang='lat' dir='ltr'><strong>intellexisset,</strong></span> <span class='ocrx_word' id='word_1_116' title='bbox 1030 1492 1114 1555; x_wconf 90' lang='lat' dir='ltr'><strong>qui</strong></span> <span class='ocrx_word' id='word_1_117' title='bbox 1135 1492 1318 1553; x_wconf 85' lang='lat' dir='ltr'><strong>adhuc,</strong></span> <span class='ocrx_word' id='word_1_118' title='bbox 1344 1502 1396 1540; x_wconf 89' lang='lat' dir='ltr'><strong>ut</strong></span> <span class='ocrx_word' id='word_1_119' title='bbox 1420 1492 1651 1553; x_wconf 86' lang='lat' dir='ltr'><strong>diximus,</strong></span> 
     </span>
     <span class='ocr_line' id='line_1_17' title="bbox 235 1568 1655 1631; baseline 0.001 -15"><span class='ocrx_word' id='word_1_120' title='bbox 235 1569 285 1616; x_wconf 90' lang='lat' dir='ltr'><strong>in</strong></span> <span class='ocrx_word' id='word_1_121' title='bbox 318 1568 614 1616; x_wconf 85' lang='lat' dir='ltr'><strong>Borbonensi</strong></span> <span class='ocrx_word' id='word_1_122' title='bbox 640 1579 781 1631; x_wconf 87' lang='lat' dir='ltr'><strong>atque</strong></span> <span class='ocrx_word' id='word_1_123' title='bbox 814 1569 1091 1615; x_wconf 84' lang='lat' dir='ltr'><strong>Bituricensi</strong></span> <span class='ocrx_word' id='word_1_124' title='bbox 1123 1570 1371 1617; x_wconf 83' lang='lat' dir='ltr'><strong>territoriis</strong></span> <span class='ocrx_word' id='word_1_125' title='bbox 1411 1580 1511 1617; x_wconf 88' lang='lat' dir='ltr'><strong>erat</strong></span> <span class='ocrx_word' id='word_1_126' title='bbox 1542 1586 1655 1617; x_wconf 91' lang='lat' dir='ltr'><strong>cum</strong></span> 
     </span>
     <span class='ocr_line' id='line_1_18' title="bbox 237 1645 1656 1712; baseline 0.001 -19"><span class='ocrx_word' id='word_1_127' title='bbox 237 1646 453 1694; x_wconf 72' lang='lat' dir='ltr'><strong>maximis</strong></span> <span class='ocrx_word' id='word_1_128' title='bbox 477 1646 653 1711; x_wconf 90' lang='lat' dir='ltr'><strong>copiis,</strong></span> <span class='ocrx_word' id='word_1_129' title='bbox 691 1646 867 1693; x_wconf 87' lang='lat' dir='ltr'><strong>veritus</strong></span> <span class='ocrx_word' id='word_1_130' title='bbox 899 1663 960 1693; x_wconf 90' lang='lat' dir='ltr'><strong>ne</strong></span> <span class='ocrx_word' id='word_1_131' title='bbox 990 1645 1197 1694; x_wconf 84' lang='lat' dir='ltr'><strong>fortassis</strong></span> <span class='ocrx_word' id='word_1_132' title='bbox 1228 1647 1354 1712; x_wconf 88' lang='lat' dir='ltr'><strong>regia</strong></span> <span class='ocrx_word' id='word_1_133' title='bbox 1390 1647 1534 1695; x_wconf 87' lang='lat' dir='ltr'><strong>etiam</strong></span> <span class='ocrx_word' id='word_1_134' title='bbox 1571 1664 1656 1695; x_wconf 90' lang='lat' dir='ltr'><strong>sua</strong></span> 
     </span>
     <span class='ocr_line' id='line_1_19' title="bbox 237 1723 1654 1789; baseline 0.001 -20"><span class='ocrx_word' id='word_1_135' title='bbox 237 1723 529 1782; x_wconf 89' lang='lat' dir='ltr'><strong>Parisiensis,</strong></span> <span class='ocrx_word' id='word_1_136' title='bbox 555 1724 592 1770; x_wconf 90' lang='lat' dir='ltr'><strong>si</strong></span> <span class='ocrx_word' id='word_1_137' title='bbox 617 1723 689 1770; x_wconf 92' lang='lat' dir='ltr'><strong>sui</strong></span> <span class='ocrx_word' id='word_1_138' title='bbox 714 1725 925 1787; x_wconf 84' lang='lat' dir='ltr'><strong>germani</strong></span> <span class='ocrx_word' id='word_1_139' title='bbox 944 1725 1244 1789; x_wconf 71' lang='lat' dir='ltr'><strong>piaesentiam</strong></span> <span class='ocrx_word' id='word_1_140' title='bbox 1267 1741 1323 1772; x_wconf 90' lang='lat' dir='ltr'><strong>ac</strong></span> <span class='ocrx_word' id='word_1_141' title='bbox 1345 1724 1480 1772; x_wconf 92' lang='lat' dir='ltr'><strong>ducis</strong></span> <span class='ocrx_word' id='word_1_142' title='bbox 1502 1725 1654 1771; x_wconf 88' lang='lat' dir='ltr'><strong>Brito-</strong></span> 
     </span>
     <span class='ocr_line' id='line_1_20' title="bbox 233 1801 1656 1867; baseline 0.001 -21"><span class='ocrx_word' id='word_1_143' title='bbox 233 1816 368 1860; x_wconf 90' lang='lat' dir='ltr'><strong>num,</strong></span> <span class='ocrx_word' id='word_1_144' title='bbox 395 1817 506 1848; x_wconf 86' lang='lat' dir='ltr'><strong>cum</strong></span> <span class='ocrx_word' id='word_1_145' title='bbox 530 1802 681 1867; x_wconf 90' lang='lat' dir='ltr'><strong>copiis</strong></span> <span class='ocrx_word' id='word_1_146' title='bbox 700 1802 878 1867; x_wconf 82' lang='lat' dir='ltr'><strong>praefati</strong></span> <span class='ocrx_word' id='word_1_147' title='bbox 897 1803 1086 1850; x_wconf 85' lang='lat' dir='ltr'><strong>comitis</strong></span> <span class='ocrx_word' id='word_1_148' title='bbox 1104 1801 1165 1850; x_wconf 93' lang='lat' dir='ltr'><strong>de</strong></span> <span class='ocrx_word' id='word_1_149' title='bbox 1191 1802 1437 1849; x_wconf 77' lang='lat' dir='ltr'><strong>Charolois</strong></span> <span class='ocrx_word' id='word_1_150' title='bbox 1462 1801 1656 1865; x_wconf 87' lang='lat' dir='ltr'><strong>juncto·</strong></span> 
     </span>
     <span class='ocr_line' id='line_1_21' title="bbox 233 1877 1655 1945; baseline 0.001 -21"><span class='ocrx_word' id='word_1_151' title='bbox 233 1880 361 1924; x_wconf 87' lang='lat' dir='ltr'><strong>rum¹</strong></span> <span class='ocrx_word' id='word_1_152' title='bbox 382 1877 443 1925; x_wconf 91' lang='lat' dir='ltr'><strong>ad</strong></span> <span class='ocrx_word' id='word_1_153' title='bbox 462 1879 670 1925; x_wconf 89' lang='lat' dir='ltr'><strong>invicem</strong></span> <span class='ocrx_word' id='word_1_154' title='bbox 690 1879 888 1940; x_wconf 87' lang='lat' dir='ltr'><strong>videret,</strong></span> <span class='ocrx_word' id='word_1_155' title='bbox 904 1890 1085 1927; x_wconf 89' lang='lat' dir='ltr'><strong>mutata</strong></span> <span class='ocrx_word' id='word_1_156' title='bbox 1101 1880 1350 1945; x_wconf 88' lang='lat' dir='ltr'><strong>opinione,</strong></span> <span class='ocrx_word' id='word_1_157' title='bbox 1366 1879 1426 1926; x_wconf 92' lang='lat' dir='ltr'><strong>ad</strong></span> <span class='ocrx_word' id='word_1_158' title='bbox 1440 1895 1523 1926; x_wconf 91' lang='lat' dir='ltr'><strong>eos</strong></span> <span class='ocrx_word' id='word_1_159' title='bbox 1536 1879 1655 1926; x_wconf 89' lang='lat' dir='ltr'><strong>reci-</strong></span> 
     </span>
     <span class='ocr_line' id='line_1_22' title="bbox 233 1954 1652 2021; baseline 0.001 -20"><span class='ocrx_word' id='word_1_160' title='bbox 233 1954 438 2019; x_wconf 85' lang='lat' dir='ltr'><strong>piendos</strong></span> <span class='ocrx_word' id='word_1_161' title='bbox 460 1972 563 2002; x_wconf 88' lang='lat' dir='ltr'><strong>sese</strong></span> <span class='ocrx_word' id='word_1_162' title='bbox 584 1956 816 2014; x_wconf 85' lang='lat' dir='ltr'><strong>flecteret,</strong></span> <span class='ocrx_word' id='word_1_163' title='bbox 845 1957 1036 2004; x_wconf 88' lang='lat' dir='ltr'><strong>concito</strong></span> <span class='ocrx_word' id='word_1_164' title='bbox 1064 1972 1226 2020; x_wconf 83' lang='lat' dir='ltr'><strong>gressu</strong></span> <span class='ocrx_word' id='word_1_165' title='bbox 1250 1973 1307 2004; x_wconf 90' lang='lat' dir='ltr'><strong>ac</strong></span> <span class='ocrx_word' id='word_1_166' title='bbox 1335 1972 1652 2021; x_wconf 87' lang='lat' dir='ltr'><strong>perpropero,</strong></span> 
     </span>
     <span class='ocr_line' id='line_1_23' title="bbox 234 2032 1653 2098; baseline 0.001 -21"><span class='ocrx_word' id='word_1_167' title='bbox 234 2032 511 2079; x_wconf 88' lang='lat' dir='ltr'><strong>transmisso</strong></span> <span class='ocrx_word' id='word_1_168' title='bbox 530 2049 616 2098; x_wconf 86' lang='lat' dir='ltr'><strong>per</strong></span> <span class='ocrx_word' id='word_1_169' title='bbox 639 2033 1024 2080; x_wconf 84' lang='lat' dir='ltr'><strong>Aurelianensem</strong></span> <span class='ocrx_word' id='word_1_170' title='bbox 1046 2033 1215 2080; x_wconf 87' lang='lat' dir='ltr'><strong>urbem</strong></span> <span class='ocrx_word' id='word_1_171' title='bbox 1237 2033 1412 2097; x_wconf 80' lang='lat' dir='ltr'><strong>Ligeris</strong></span> <span class='ocrx_word' id='word_1_172' title='bbox 1430 2033 1653 2092; x_wconf 86' lang='lat' dir='ltr'><strong>flumine,</strong></span> 
     </span>
     <span class='ocr_line' id='line_1_24' title="bbox 235 2106 1659 2176; baseline 0.001 -21"><span class='ocrx_word' id='word_1_173' title='bbox 235 2106 298 2157; x_wconf 86' lang='lat' dir='ltr'><strong>ad</strong></span> <span class='ocrx_word' id='word_1_174' title='bbox 318 2109 671 2162; x_wconf 87' lang='lat' dir='ltr'><strong>occurrendum</strong></span> <span class='ocrx_word' id='word_1_175' title='bbox 695 2110 958 2158; x_wconf 88' lang='lat' dir='ltr'><strong>discrimini</strong></span> <span class='ocrx_word' id='word_1_176' title='bbox 987 2128 1097 2158; x_wconf 87' lang='lat' dir='ltr'><strong>cum</strong></span> <span class='ocrx_word' id='word_1_177' title='bbox 1123 2112 1218 2158; x_wconf 89' lang='lat' dir='ltr'><strong>suis</strong></span> <span class='ocrx_word' id='word_1_178' title='bbox 1244 2111 1484 2176; x_wconf 91' lang='lat' dir='ltr'><strong>equitibus</strong></span> <span class='ocrx_word' id='word_1_179' title='bbox 1506 2110 1659 2158; x_wconf 89' lang='lat' dir='ltr'><strong>advo-</strong></span> 
     </span>
     <span class='ocr_line' id='line_1_25' title="bbox 235 2183 1659 2254; baseline 0.003 -23"><span class='ocrx_word' id='word_1_180' title='bbox 235 2183 364 2232; x_wconf 85' lang='lat' dir='ltr'><strong>lavit.</strong></span> <span class='ocrx_word' id='word_1_181' title='bbox 390 2189 610 2234; x_wconf 89' lang='lat' dir='ltr'><strong>Metuens</strong></span> <span class='ocrx_word' id='word_1_182' title='bbox 629 2189 756 2235; x_wconf 90' lang='lat' dir='ltr'><strong>enim</strong></span> <span class='ocrx_word' id='word_1_183' title='bbox 775 2205 835 2236; x_wconf 90' lang='lat' dir='ltr'><strong>ne</strong></span> <span class='ocrx_word' id='word_1_184' title='bbox 860 2189 908 2235; x_wconf 87' lang='lat' dir='ltr'><strong>in</strong></span> <span class='ocrx_word' id='word_1_185' title='bbox 922 2206 1075 2236; x_wconf 90' lang='lat' dir='ltr'><strong>unum</strong></span> <span class='ocrx_word' id='word_1_186' title='bbox 1100 2199 1308 2253; x_wconf 86' lang='lat' dir='ltr'><strong>utraeque</strong></span> <span class='ocrx_word' id='word_1_187' title='bbox 1326 2190 1476 2254; x_wconf 87' lang='lat' dir='ltr'><strong>copiae</strong></span> <span class='ocrx_word' id='word_1_188' title='bbox 1488 2189 1659 2252; x_wconf 87' lang='lat' dir='ltr'><strong>junge-</strong></span> 
     </span>
     <span class='ocr_line' id='line_1_26' title="bbox 235 2264 1655 2323; baseline 0.003 -16"><span class='ocrx_word' id='word_1_189' title='bbox 235 2271 427 2323; x_wconf 88' lang='lat' dir='ltr'><strong>rentur,</strong></span> <span class='ocrx_word' id='word_1_190' title='bbox 452 2264 639 2311; x_wconf 89' lang='lat' dir='ltr'><strong>comitis</strong></span> <span class='ocrx_word' id='word_1_191' title='bbox 662 2265 836 2312; x_wconf 90' lang='lat' dir='ltr'><strong>scilicet</strong></span> <span class='ocrx_word' id='word_1_192' title='bbox 862 2265 920 2312; x_wconf 89' lang='lat' dir='ltr'><strong>de</strong></span> <span class='ocrx_word' id='word_1_193' title='bbox 957 2266 1203 2312; x_wconf 76' lang='lat' dir='ltr'><strong>Charolois</strong></span> <span class='ocrx_word' id='word_1_194' title='bbox 1227 2276 1274 2313; x_wconf 91' lang='lat' dir='ltr'><strong>et</strong></span> <span class='ocrx_word' id='word_1_195' title='bbox 1302 2266 1437 2313; x_wconf 91' lang='lat' dir='ltr'><strong>ducis</strong></span> <span class='ocrx_word' id='word_1_196' title='bbox 1472 2266 1655 2312; x_wconf 89' lang='lat' dir='ltr'><strong>Britan-</strong></span> 
     </span>
     <span class='ocr_line' id='line_1_27' title="bbox 236 2338 1659 2408; baseline 0.003 -23"><span class='ocrx_word' id='word_1_197' title='bbox 236 2338 324 2386; x_wconf 85' lang='lat' dir='ltr'><strong>niae</strong></span> <span class='ocrx_word' id='word_1_198' title='bbox 340 2377 353 2400; x_wconf 92' lang='lat'><strong>,</strong></span> <span class='ocrx_word' id='word_1_199' title='bbox 379 2342 461 2406; x_wconf 92' lang='lat' dir='ltr'><strong>qui</strong></span> <span class='ocrx_word' id='word_1_200' title='bbox 491 2343 539 2389; x_wconf 89' lang='lat' dir='ltr'><strong>in</strong></span> <span class='ocrx_word' id='word_1_201' title='bbox 566 2343 721 2390; x_wconf 88' lang='lat' dir='ltr'><strong>Beleia</strong></span> <span class='ocrx_word' id='word_1_202' title='bbox 746 2343 845 2406; x_wconf 90' lang='lat' dir='ltr'><strong>jam</strong></span> <span class='ocrx_word' id='word_1_203' title='bbox 878 2342 1023 2390; x_wconf 88' lang='lat' dir='ltr'><strong>ambo</strong></span> <span class='ocrx_word' id='word_1_204' title='bbox 1054 2346 1239 2403; x_wconf 85' lang='lat' dir='ltr'><strong>erant²‚</strong></span> <span class='ocrx_word' id='word_1_205' title='bbox 1268 2344 1330 2391; x_wconf 89' lang='lat' dir='ltr'><strong>ad</strong></span> <span class='ocrx_word' id='word_1_206' title='bbox 1354 2353 1560 2408; x_wconf 86' lang='lat' dir='ltr'><strong>quatuor</strong></span> <span class='ocrx_word' id='word_1_207' title='bbox 1582 2342 1659 2389; x_wconf 85' lang='lat' dir='ltr'><strong>vel</strong></span> 
     </span>
    </p>
   </div>
   <div class='ocr_carea' id='block_1_5' title="bbox 237 2519 1660 2871">
    <p class='ocr_par' dir='ltr' id='par_1_7' title="bbox 293 2519 774 2560">
     <span class='ocr_line' id='line_1_28' title="bbox 293 2519 774 2560; baseline 0.01 -5"><span class='ocrx_word' id='word_1_208' title='bbox 293 2519 331 2557; x_wconf 75' lang='lat'><strong>1.</strong></span> <span class='ocrx_word' id='word_1_209' title='bbox 361 2521 514 2557; x_wconf 78' lang='lat' dir='ltr'><strong>Iunctos</strong></span> <span class='ocrx_word' id='word_1_210' title='bbox 532 2520 627 2559; x_wconf 91' lang='lat' dir='ltr'><strong>dans</strong></span> <span class='ocrx_word' id='word_1_211' title='bbox 647 2521 685 2560; x_wconf 90' lang='lat' dir='ltr'><strong>le</strong></span> <span class='ocrx_word' id='word_1_212' title='bbox 703 2535 774 2560; x_wconf 90' lang='lat' dir='ltr'><strong>ms.</strong></span> 
     </span>
    </p>

    <p class='ocr_par' dir='ltr' id='par_1_8' title="bbox 237 2578 1660 2871">
     <span class='ocr_line' id='line_1_29' title="bbox 293 2578 1660 2631; baseline 0.001 -16"><span class='ocrx_word' id='word_1_213' title='bbox 293 2578 335 2616; x_wconf 74' lang='grc' dir='ltr'><strong>Ξ.</strong></span> <span class='ocrx_word' id='word_1_214' title='bbox 364 2579 454 2616; x_wconf 84' lang='lat' dir='ltr'><strong>Cela</strong></span> <span class='ocrx_word' id='word_1_215' title='bbox 472 2582 570 2617; x_wconf 86' lang='lat' dir='ltr'><strong>n’est</strong></span> <span class='ocrx_word' id='word_1_216' title='bbox 591 2593 660 2631; x_wconf 87' lang='lat' dir='ltr'><strong>pas</strong></span> <span class='ocrx_word' id='word_1_217' title='bbox 688 2589 812 2621; x_wconf 88' lang='lat' dir='ltr'><strong>exact.</strong></span> <span class='ocrx_word' id='word_1_218' title='bbox 842 2584 897 2620; x_wconf 89' lang='lat' dir='ltr'><strong>Le</strong></span> <span class='ocrx_word' id='word_1_219' title='bbox 920 2590 1046 2620; x_wconf 88' lang='lat' dir='ltr'><strong>comte</strong></span> <span class='ocrx_word' id='word_1_220' title='bbox 1070 2580 1120 2620; x_wconf 88' lang='lat' dir='ltr'><strong>de</strong></span> <span class='ocrx_word' id='word_1_221' title='bbox 1143 2581 1340 2621; x_wconf 86' lang='lat' dir='ltr'><strong>Charolais</strong></span> <span class='ocrx_word' id='word_1_222' title='bbox 1364 2581 1498 2619; x_wconf 74' lang='lat' dir='ltr'><strong>n’etait</strong></span> <span class='ocrx_word' id='word_1_223' title='bbox 1518 2593 1660 2618; x_wconf 87' lang='lat' dir='ltr'><strong>encore</strong></span> 
     </span>
     <span class='ocr_line' id='line_1_30' title="bbox 239 2635 1660 2693; baseline 0.001 -19"><span class='ocrx_word' id='word_1_224' title='bbox 239 2635 329 2686; x_wconf 75' lang='lat' dir='ltr'><strong>qu’a</strong></span> <span class='ocrx_word' id='word_1_225' title='bbox 348 2637 599 2677; x_wconf 85' lang='lat' dir='ltr'><strong>Saint-Cloud</strong></span> <span class='ocrx_word' id='word_1_226' title='bbox 621 2639 658 2678; x_wconf 91' lang='lat' dir='ltr'><strong>le</strong></span> <span class='ocrx_word' id='word_1_227' title='bbox 674 2643 725 2678; x_wconf 81' lang='lat'><strong>15</strong></span> <span class='ocrx_word' id='word_1_228' title='bbox 741 2640 884 2689; x_wconf 84' lang='lat' dir='ltr'><strong>juillet,</strong></span> <span class='ocrx_word' id='word_1_229' title='bbox 903 2650 940 2680; x_wconf 88' lang='lat' dir='ltr'><strong>et</strong></span> <span class='ocrx_word' id='word_1_230' title='bbox 958 2641 984 2679; x_wconf 90' lang='lat' dir='ltr'><strong>il</strong></span> <span class='ocrx_word' id='word_1_231' title='bbox 1007 2641 1124 2679; x_wconf 91' lang='lat' dir='ltr'><strong>n&#39;alla</strong></span> <span class='ocrx_word' id='word_1_232' title='bbox 1144 2655 1212 2693; x_wconf 82' lang='lat' dir='ltr'><strong>pas</strong></span> <span class='ocrx_word' id='word_1_233' title='bbox 1231 2641 1319 2693; x_wconf 90' lang='lat' dir='ltr'><strong>plus</strong></span> <span class='ocrx_word' id='word_1_234' title='bbox 1337 2641 1416 2679; x_wconf 91' lang='lat' dir='ltr'><strong>loin</strong></span> <span class='ocrx_word' id='word_1_235' title='bbox 1433 2653 1511 2691; x_wconf 91' lang='lat' dir='ltr'><strong>que</strong></span> <span class='ocrx_word' id='word_1_236' title='bbox 1528 2642 1660 2677; x_wconf 89' lang='lat' dir='ltr'><strong>Mont-</strong></span> 
     </span>
     <span class='ocr_line' id='line_1_31' title="bbox 238 2695 1659 2750; baseline 0.002 -18"><span class='ocrx_word' id='word_1_237' title='bbox 238 2695 350 2747; x_wconf 82' lang='lat' dir='ltr'><strong>lhery</strong></span> <span class='ocrx_word' id='word_1_238' title='bbox 364 2705 480 2734; x_wconf 90' lang='lat' dir='ltr'><strong>avant</strong></span> <span class='ocrx_word' id='word_1_239' title='bbox 497 2697 647 2736; x_wconf 85' lang='lat' dir='ltr'><strong>d’avoir</strong></span> <span class='ocrx_word' id='word_1_240' title='bbox 664 2700 867 2739; x_wconf 75' lang='lat' dir='ltr'><strong>rencontre</strong></span> <span class='ocrx_word' id='word_1_241' title='bbox 885 2701 1001 2739; x_wconf 92' lang='lat' dir='ltr'><strong>Louis</strong></span> <span class='ocrx_word' id='word_1_242' title='bbox 1016 2704 1085 2740; x_wconf 82' lang='lat' dir='ltr'><strong>XI.</strong></span> <span class='ocrx_word' id='word_1_243' title='bbox 1106 2703 1235 2750; x_wconf 88' lang='lat' dir='ltr'><strong>Quant</strong></span> <span class='ocrx_word' id='word_1_244' title='bbox 1256 2714 1333 2739; x_wconf 84' lang='lat' dir='ltr'><strong>aux</strong></span> <span class='ocrx_word' id='word_1_245' title='bbox 1350 2704 1526 2747; x_wconf 86' lang='lat' dir='ltr'><strong>Bretons‚</strong></span> <span class='ocrx_word' id='word_1_246' title='bbox 1543 2705 1659 2748; x_wconf 83' lang='lat' dir='ltr'><strong>ayant</strong></span> 
     </span>
     <span class='ocr_line' id='line_1_32' title="bbox 237 2756 1658 2813; baseline 0 -20"><span class='ocrx_word' id='word_1_247' title='bbox 237 2756 358 2806; x_wconf 83' lang='lat' dir='ltr'><strong>quitte</strong></span> <span class='ocrx_word' id='word_1_248' title='bbox 386 2757 582 2797; x_wconf 75' lang='lat' dir='ltr'><strong>Vendbme</strong></span> <span class='ocrx_word' id='word_1_249' title='bbox 619 2772 666 2797; x_wconf 89' lang='lat' dir='ltr'><strong>en</strong></span> <span class='ocrx_word' id='word_1_250' title='bbox 698 2763 823 2799; x_wconf 73' lang='lat' dir='ltr'><strong>meme</strong></span> <span class='ocrx_word' id='word_1_251' title='bbox 855 2770 977 2813; x_wconf 88' lang='lat' dir='ltr'><strong>temps</strong></span> <span class='ocrx_word' id='word_1_252' title='bbox 1009 2774 1086 2812; x_wconf 91' lang='lat' dir='ltr'><strong>que</strong></span> <span class='ocrx_word' id='word_1_253' title='bbox 1117 2762 1172 2800; x_wconf 88' lang='lat' dir='ltr'><strong>les</strong></span> <span class='ocrx_word' id='word_1_254' title='bbox 1203 2761 1499 2813; x_wconf 81' lang='lat' dir='ltr'><strong>Bourguignons</strong></span> <span class='ocrx_word' id='word_1_255' title='bbox 1530 2757 1658 2796; x_wconf 86' lang='lat' dir='ltr'><strong>Saint-</strong></span> 
     </span>
     <span class='ocr_line' id='line_1_33' title="bbox 238 2814 1442 2871; baseline 0.004 -20"><span class='ocrx_word' id='word_1_256' title='bbox 238 2814 359 2852; x_wconf 89' lang='lat' dir='ltr'><strong>Cloud</strong></span> <span class='ocrx_word' id='word_1_257' title='bbox 373 2846 383 2864; x_wconf 91' lang='lat'><em>‚</em></span> <span class='ocrx_word' id='word_1_258' title='bbox 406 2815 451 2853; x_wconf 90' lang='lat' dir='ltr'><strong>ils</strong></span> <span class='ocrx_word' id='word_1_259' title='bbox 470 2816 683 2856; x_wconf 74' lang='lat' dir='ltr'><strong>arriverent</strong></span> <span class='ocrx_word' id='word_1_260' title='bbox 704 2821 725 2856; x_wconf 73' lang='lat' dir='ltr'><strong>a</strong></span> <span class='ocrx_word' id='word_1_261' title='bbox 745 2816 923 2871; x_wconf 77' lang='lat' dir='ltr'><strong>Etampes</strong></span> <span class='ocrx_word' id='word_1_262' title='bbox 944 2821 1157 2858; x_wconf 85' lang='lat' dir='ltr'><strong>seulement</strong></span> <span class='ocrx_word' id='word_1_263' title='bbox 1175 2820 1212 2858; x_wconf 89' lang='lat' dir='ltr'><strong>le</strong></span> <span class='ocrx_word' id='word_1_264' title='bbox 1232 2823 1280 2857; x_wconf 78' lang='lat'><strong>19</strong></span> <span class='ocrx_word' id='word_1_265' title='bbox 1299 2819 1442 2867; x_wconf 82' lang='lat' dir='ltr'><strong>juillet.</strong></span> 
     </span>
    </p>
   </div>
  </div>
 </body>
</html>
