2054 3470
793 354 938 391 LIBER
963 335 1189 401 Qumrns.
1617 353 1688 390 421

293 441 539 489 fidendum
570 441 824 500 sentiebat,
857 455 1005 487 manu
1035 439 1190 486 valida
1218 439 1447 497 militum,
1482 439 1586 504 qui,
1620 441 1694 487 in-

292 527 488 583 gruente
500 518 793 578 necessitate,
808 515 896 563 sibi
910 516 1014 563 usui
1030 516 1239 574 fuissent,
1259 517 1497 564 munitum
1512 533 1697 565 servare

292 611 348 644 ac
366 605 542 643 tenere.
565 594 724 654 Quod,
743 593 912 659 procul
927 592 1096 652 dubio,
1118 594 1265 640 instar
1282 595 1420 656 regis,
1442 594 1551 641 satis
1569 612 1697 642 com-

293 673 435 721 mode
456 683 503 720 et
524 689 634 720 cum
654 672 811 737 parvis
832 670 1078 736 stipendiis
1099 678 1286 735 poterat
1306 669 1517 730 efficere,
1541 687 1624 718 eos
1647 672 1696 718 in

292 751 387 798 suis
408 748 629 797 domibus
645 747 894 796 retinendo
913 757 957 795 et
972 748 1142 812 saepius
1158 764 1244 812 per
1261 746 1440 811 legatos
1458 747 1621 803 fideles
1638 747 1698 795 de

293 827 359 874 eis
391 826 648 874 revisiones
683 835 730 872 et
763 826 1104 873 ostentationes
1140 823 1241 871 fieri
1279 823 1516 872 faciendo.
1554 823 1700 871 Nobis

292 903 419 951 enim
452 919 640 967 semper
670 902 910 950 laudanda
945 911 991 949 et
1024 900 1353 967 amplectenda
1389 902 1490 949 visa
1522 910 1593 948 est
1624 901 1701 948 illa

291 979 564 1043 gravissima
590 979 833 1026 Ciceronis
860 979 1117 1037 sententia,
1153 997 1175 1022 «ι
1206 994 1424 1037 omnem,
1453 977 1697 1039 videlicet,

292 1057 420 1120 pacis
441 1057 786 1116 conditionem,
811 1057 1027 1121 quamvis
1051 1057 1282 1121 iniquam,
1308 1055 1434 1103 civili
1455 1055 1584 1104 bello
1603 1072 1702 1104 esse

291 1133 694 1198 anteponendam.
719 1153 742 1178 »
770 1137 880 1182 Erat
907 1143 1068 1181 autem
1097 1134 1224 1181 inter
1252 1150 1414 1198 regem
1442 1142 1489 1181 et
1518 1134 1698 1198 ipsum,

293 1228 392 1259 non
408 1211 555 1258 modo
574 1212 727 1271 civile,
752 1211 835 1259 sed
854 1227 1132 1276 germanum
1153 1211 1298 1258 etiam
1317 1220 1366 1258 et
1385 1210 1702 1258 domesticum

292 1287 494 1348 bellum,
530 1290 613 1354 qui
645 1287 789 1336 ambo
828 1287 889 1335 de
921 1287 1093 1335 eodem
1131 1287 1288 1353 stipite
1325 1287 1493 1351 regalis
1530 1286 1703 1336 domus

293 1367 582 1413 Francorum
600 1365 962 1413 descenderant.
985 1365 1229 1412 Habuerat
1246 1373 1406 1411 autem
1425 1374 1472 1412 et
1490 1363 1586 1411 dux
1604 1365 1704 1429 ipse

292 1442 502 1507 priorem
539 1459 791 1508 sponsam,
830 1459 1043 1490 sororem
1077 1442 1200 1506 regis
1234 1443 1571 1500 Francorum¹,
1602 1451 1704 1489 esto

293 1520 425 1584 quod
450 1521 799 1586 sponsaliorum
827 1530 1042 1586 tempore
1067 1519 1365 1580 decessisset,
1395 1519 1702 1566 matrimonio

294 1597 512 1645 nondum
533 1606 865 1645 consummato
877 1600 906 1643 ¹.
1628 1604 1642 1611 ‘

358 1675 543 1722 Scimus
569 1673 762 1738 quidem
790 1673 979 1721 difficile
1010 1674 1110 1720 fore
1138 1673 1324 1721 animos
1349 1673 1603 1720 hominum
1629 1672 1703 1718 in-

296 1752 420 1800 flecti
447 1751 509 1799 ad
534 1751 872 1816 paciscendum
897 1760 1038 1815 atque
1067 1751 1196 1816 pacis
1228 1749 1406 1798 foedera
1436 1748 1703 1797 feriendum

294 1846 406 1877 cum
420 1829 518 1890 tali,
540 1829 622 1892 qui
636 1829 817 1876 nemini
835 1828 980 1875 fidem
999 1843 1156 1890 neque
1171 1837 1537 1887 sacramentum,
1558 1842 1706 1891 quan-

236 1902 239 1908 *
295 1907 467 1954 tumvis
495 1917 731 1954 sacratum
752 1923 837 1954 seu
858 1923 1159 1970 quacumque
1190 1906 1416 1971 religione
1444 1905 1700 1962 sancitum,

297 1983 549 2031 observare
568 1999 624 2030 ac
651 1992 813 2031 tenere
833 1984 1155 2045 consueverit,
1187 1983 1355 2049 qualis,
1385 1981 1510 2048 proh
1537 1978 1698 2029 dolor!

297 2060 708 2108 christianissimus
721 2064 1012 2108 Francorum
1026 2077 1110 2107 rex
1126 2060 1268 2124 hujus
1287 2060 1533 2125 temporis,
1553 2057 1707 2106 Ludo-

298 2137 452 2195 vicus,
488 2136 616 2200 apud
647 2154 813 2184 omnes
839 2153 973 2202 paene
1004 2137 1251 2197 mortales,
1287 2136 1460 2201 quibus
1491 2136 1708 2199 cognitus

298 2222 420 2273 erat,
447 2213 666 2259 exsistere
689 2212 813 2259 fama
826 2212 1079 2261 ferebatur.
1100 2213 1285 2260 Scimus
1308 2214 1437 2260 enim
1454 2229 1482 2261 a
1497 2213 1708 2277 sapiente

299 2290 349 2336 in
370 2289 695 2337 Ecclesiastico
714 2299 1002 2354 praeceptum
1020 2289 1271 2338 salubriter
1291 2309 1302 2337 :
1327 2310 1351 2335 «
1371 2293 1477 2337 Non
1494 2281 1709 2336 confida's

299 2368 493 2414 inimico
516 2377 599 2414 tuo
621 2368 671 2413 in
693 2377 938 2414 aeternum.
968 2387 993 2412 »
1026 2369 1120 2415 Sed
1144 2368 1220 2415 his
1253 2386 1353 2416 non
1387 2349 1706 2426 obstantissifsi,

300 2444 536 2491 credimus
554 2445 706 2491 multo
725 2444 865 2491 fuisse
882 2446 1143 2493 consultius
1159 2462 1269 2492 cum
1290 2447 1393 2512 ipso
1409 2434 1711 2510 rege¹‚¹¹i]²iia³1¹1⁸-

302 2530 398 2567 tam
418 2519 595 2568 habere
617 2520 818 2568 solidam
839 2521 1092 2585 potuisset,
1119 2521 1292 2569 ducem
1315 2504 1711 2586 Burguffifflfflnffll

1389 2589 1547 2632 1131?qu
1583 2571 1692 2614 '‘J'njl

357 2669 396 2704 1.
426 2666 628 2706 catherine
649 2666 698 2705 de
721 2669 881 2717 France,
903 2668 1096 2707 troisieme
1113 2669 1191 2707 fille
1211 2669 1260 2708 de
1278 2658 1566 2711 Chawes'evssffl
1603 2683 1614 2702 κ
1627 2664 1696 2691 ῐΗὸ

346 2720 396 2764 ’2.
427 2726 642 2774 catherine,
657 2726 724 2777 qui
739 2728 841 2765 avait
854 2727 913 2766 ete
926 2728 1069 2766 fiancee
1083 2741 1131 2766 en
1147 2729 1249 2766 1438
1260 2756 1271 2774 ,
1286 2734 1441 2764 mourut
1460 2727 1481 2762 a
1498 2723 1711 2772 Bruxelles,

305 2798 354 2822 en
383 2787 507 2831 1446,
535 2784 629 2822 dans
658 2798 700 2823 sa
732 2785 997 2825 dix-huitieme
1027 2786 1173 2834 anssec,
1204 2782 1715 2851 lp'fsqugnssquleffin'qvait

305 2857 442 2881 encore
460 2856 535 2894 que
552 2843 666 2881 treize
681 2856 763 2881 ans.
1238 2849 1240 2851 ’
1264 2843 1267 2846 ’
1299 2850 1303 2852 “
1361 2846 1365 2849 ’
1407 2839 1417 2849 ’
1554 2851 1560 2856 ,
1634 2844 1637 2845 ⁷
