2054 3470
798 370 946 407 LIBER
970 369 1171 407 PRIMUS.
1641 367 1692 404 29

279 458 481 508 dionum
503 458 616 519 dux,
639 456 831 522 qualem
857 457 906 504 in
930 455 1178 504 referenda
1199 456 1346 520 gratia
1369 471 1481 502 eum
1498 454 1693 502 habitu-

279 553 359 584 rus
379 546 515 598 esset,
536 536 647 584 satis
669 535 851 599 liquide
872 533 1205 599 deprehendit.
1242 532 1531 579 Promiserat
1564 532 1693 578 enim

280 622 451 678 sponte
471 629 572 674 sua,
599 629 743 677 super
764 611 861 659 hoc
882 627 911 658 a
927 611 1120 658 nemine
1137 626 1333 676 prorsus
1348 608 1605 673 requisitus
1620 609 1694 655 vel

278 700 486 754 rogatus,
511 689 761 737 humiliare
782 688 1069 736 Leodienses
1090 687 1313 753 populos,
1340 686 1424 750 qui
1441 685 1556 732 olim
1573 684 1697 732 Ebu-

278 783 420 815 rones
460 766 764 825 dicebantur,
799 766 1049 830 facereque
1083 781 1166 812 eos
1203 763 1439 811 voluntati
1483 763 1695 826 ejusdem

278 843 428 905 ducis,
453 845 533 892 cui
553 860 636 892 eos
656 843 886 892 noscebat
907 843 1066 891 hostes
1096 842 1448 896 infestissimos,
1479 858 1580 888 esse
1610 857 1694 906 pa-

277 933 434 971 rentes
469 932 610 988 atque
640 921 934 970 obedientes.
976 921 1124 985 Hujus
1146 921 1368 986 promissi
1391 920 1520 967 velut
1540 918 1697 966 exsol-

276 1000 420 1048 vendi
447 1001 615 1065 gratia,
641 1001 800 1048 statim
823 1010 875 1047 ut
896 999 957 1047 de
991 999 1126 1046 obitu
1161 999 1307 1064 patris
1337 998 1511 1045 certior
1547 996 1696 1044 factus

277 1078 383 1141 fuit,
396 1079 648 1128 destinavit
667 1079 950 1146 quingentas
962 1077 1150 1125 lanceas
1163 1076 1506 1142 parvaemilitiae
1519 1079 1529 1101 ¹
1545 1092 1696 1140 prope

277 1153 394 1203 fines
414 1156 631 1221 ipsorum
654 1155 1008 1213 Leodiensium,
1034 1170 1139 1217 quae
1158 1154 1207 1200 in
1227 1153 1410 1218 oppido
1432 1154 1667 1199 Mazieres
1683 1154 1698 1175 '

275 1231 472 1297 aliisque
505 1232 706 1280 castellis
738 1233 906 1279 vicinis
941 1231 1003 1279 ad
1033 1232 1162 1296 ripas
1189 1234 1330 1278 Mosae
1366 1230 1534 1277 locatae
1563 1239 1692 1276 sunt.

276 1309 421 1368 Quod
455 1327 567 1357 cum
600 1310 689 1375 ipsi
729 1310 1015 1358 Leodienses
1047 1309 1293 1368 viderent,
1332 1318 1600 1356 metuentes
1634 1325 1696 1354 ne

275 1388 439 1453 patriae
473 1397 519 1435 et
540 1387 723 1453 populo
757 1388 853 1435 suis
887 1387 1064 1434 damna
1098 1396 1145 1434 et
1163 1387 1359 1450 jacturae
1381 1386 1692 1444 inferrentur,

277 1467 435 1514 statim
462 1466 643 1530 legatos
676 1465 738 1514 ad
761 1483 923 1531 regem
953 1466 1211 1524 miserunt,
1238 1466 1288 1512 in
1312 1465 1439 1528 regia
1461 1480 1547 1512 sua
1576 1464 1696 1512 urbe

278 1544 527 1591 Parisiensi
563 1544 722 1591 adhuc
758 1544 1116 1591 consistentem.
1146 1545 1282 1600 Quos
1310 1552 1362 1589 ut
1394 1559 1477 1589 rex
1514 1542 1697 1590 audivit

277 1622 533 1669 amicitiam
557 1622 658 1686 ejus
679 1621 950 1686 foederaque
972 1621 1323 1686 expostulantes
1345 1636 1451 1684 quae
1467 1636 1579 1667 cum
1596 1621 1696 1683 ejus

276 1709 409 1764 patre
431 1700 787 1765 percussissent,
812 1708 995 1746 mutato
1017 1699 1175 1746 statim
1199 1698 1452 1763 proposito
1469 1734 1481 1757 ,
1519 1697 1696 1745 foedera

276 1790 387 1820 cum
404 1775 471 1821 eis
492 1783 539 1821 et
560 1774 788 1821 amicitias
813 1774 933 1831 iniit,
962 1773 1361 1836 Burgundionum
1385 1772 1525 1832 duce,
1548 1773 1598 1819 in
1617 1789 1697 1819 cu-

271 1850 348 1913 jus
369 1850 470 1898 haec
491 1851 817 1916 praejudicium
839 1851 1166 1911 initiabantur,
1196 1851 1395 1898 minime
1416 1861 1587 1898 vocato
1609 1867 1695 1898 seu

274 1938 525 1991 praesente,
548 1928 658 1975 licet
679 1929 727 1974 in
752 1927 921 1975 eadem
958 1928 1101 1988 urbe,
1135 1927 1197 1976 ad
1230 1945 1376 1992 quam
1393 1965 1405 1988 ,
1432 1928 1695 1975 comitandi

273 2003 641 2068 honorandique
662 2013 710 2051 et
725 2004 1091 2068 quodammodo
1116 2004 1246 2052 velut
1268 2005 1318 2051 in
1346 2006 1695 2070 possessionem

275 2080 493 2129 mittendi
516 2083 632 2128 novi
653 2083 792 2146 regis,
816 2083 983 2145 gratia,
1009 2083 1306 2142 adventarat,
1330 2083 1490 2131 adhuc
1511 2084 1696 2131 exsiste·

275 2167 362 2204 ret.
392 2161 450 2206 Et
474 2159 540 2206 ita
564 2175 676 2206 cum
703 2159 1013 2207 infestissimis
1044 2160 1257 2224 ejusdem
1286 2160 1421 2208 ducis
1453 2160 1694 2221 hostibuS,

277 2250 398 2296 quos
419 2236 564 2300 paulo
582 2246 690 2283 ante
713 2237 762 2282 in
798 2238 898 2301 ejus
917 2238 1118 2301 gratiam
1147 2238 1221 2285 vel
1247 2238 1562 2286 exterminare
1579 2275 1591 2298 ,
1622 2237 1694 2285 vel

276 2310 336 2371 ad
359 2311 504 2376 ipsius
535 2323 707 2359 nutum
724 2322 770 2360 et
792 2314 1090 2361 voluntatem
1121 2315 1374 2362 humiliare
1395 2314 1696 2362 obedientes-

277 2405 369 2452 que
386 2390 585 2438 reddere
606 2391 734 2438 ultro
750 2392 1050 2455 promiserat,
1070 2393 1176 2456 ipso
1198 2393 1386 2456 penitus
1402 2392 1692 2452 inconsulto,

278 2465 490 2527 ligantias
517 2477 659 2531 atque
687 2468 915 2515 amicitias
939 2468 1199 2533 copulavit.
1233 2472 1363 2527 Quas
1384 2470 1598 2534 profecto
1634 2470 1698 2516 ita

237 2611 240 2613 Δ
281 2540 380 2588 fieri
401 2545 639 2606 aegerrime
657 2560 711 2591 ac
733 2544 1144 2609 displicentissime
1163 2545 1287 2606 tulit,
1318 2546 1533 2611 plurimis
1553 2547 1695 2593 etiam

282 2618 416 2665 valde
437 2636 578 2685 super
593 2620 689 2667 hoc
710 2621 1059 2669 admirantibus
1084 2621 1144 2670 de
1166 2632 1264 2669 tam
1281 2623 1437 2670 subita
1461 2634 1508 2670 et
1530 2623 1695 2688 praeci-

336 2815 353 2849 1
367 2842 375 2850 .
409 2830 426 2846 «
442 2813 538 2864 Cinq
554 2823 660 2853 cents
677 2816 805 2855 lances
825 2817 873 2855 de
891 2817 929 2856 la
946 2818 1064 2869 petite
1082 2819 1343 2858 ordonnance.
1367 2836 1384 2852 ι

338 2875 376 2913 2.
408 2875 588 2913 Mezieres
607 2888 656 2913 en
673 2877 869 2918 Ardenne.
