2054 3470
738 314 885 352 LIBER
911 313 1108 350 PRIMUS.
1575 316 1626 351 95

287 409 410 454 Sane
433 421 521 452 nos
542 402 810 452 audivimus
830 400 954 448 duos
976 399 1268 448 venerabiles
1290 399 1628 450 ecclesiasticos

225 483 369 544 viros,
392 481 475 546 qui
491 478 634 528 ambo
655 487 790 525 erant
807 477 1026 524 canonici
1047 477 1354 524 Sancti-Petri
1371 479 1631 526 Lovanien-

225 561 324 620 sis¹,
343 559 425 623 qui
441 555 739 606 affirmabant
754 572 803 602 se
815 554 876 602 ab
889 571 949 602 eo
962 555 1130 619 saepius
1146 554 1398 616 audivisse,
1417 565 1632 620 tempore

226 653 324 702 quo
355 635 404 682 in
438 633 574 680 terris
603 632 793 679 illustris
831 631 1222 695 Burgundionum
1257 631 1392 678 ducis
1425 643 1546 694 erat,
1586 643 1634 680 et

227 713 436 779 ejusdem
460 711 595 759 ducis
611 710 839 776 impensis
861 707 1076 756 alebatur
1091 718 1232 773 atque
1255 709 1523 772 fovebatur,
1542 710 1634 775 (id-

228 805 321 857 que
337 790 558 854 stequens
582 788 631 835 in
655 804 738 835 ore
761 803 849 834 suo
873 785 1170 850 versabatur)
1186 786 1319 851 quod
1341 808 1363 830 α
1385 804 1634 852 nunquam

155 910 160 916 ,
229 871 516 915 Francorum
538 881 622 912 rex
642 873 763 912 esset
785 863 1010 911 dominus
1031 864 1080 910 in
1105 880 1252 928 regno
1273 881 1378 926 suo,
1404 863 1635 928 quamdiu

227 945 466 1011 principes
495 942 715 991 subditos
748 951 845 988 tam
875 950 1095 1007 potentes
1129 940 1346 1002 haberet,
1385 942 1548 1006 quales
1576 941 1637 989 de

230 1021 353 1070 facto
370 1021 467 1069 illic
485 1029 661 1079 essent3
685 1038 708 1063 »
730 1019 841 1066 satis
862 1035 947 1083 per
965 1018 1060 1066 hoc
1083 1018 1297 1066 indicans
1315 1019 1432 1084 quid
1451 1020 1639 1083 gestiret

229 1098 416 1157 animo,
443 1098 483 1145 si
504 1095 763 1163 aliquando
786 1095 846 1143 ad
870 1112 1069 1160 regnum
1091 1096 1191 1162 ipse
1212 1097 1500 1162 perveniret.

293 1174 518 1241 Capiebat
564 1173 778 1239 exempla
791 1211 803 1235 ,
846 1183 949 1220 tum
991 1190 1018 1221 a
1062 1173 1302 1221 Ferrando
1315 1209 1328 1231 ,
1372 1174 1639 1221 Siculorum

231 1254 378 1318 rege’,
413 1253 512 1301 imo
551 1253 708 1318 potius
734 1261 939 1316 tyranno
971 1261 1018 1299 et
1047 1251 1258 1299 violento
1290 1261 1431 1317 atque
1463 1253 1640 1317 injusto

233 1340 521 1396 occupatore
534 1330 639 1394 (qui
658 1328 840 1390 deletis,
859 1329 936 1376 vel
960 1345 1112 1394 prope
1131 1329 1192 1376 ad
1211 1329 1414 1376 nihilum
1441 1330 1643 1378 redactis

234 1407 456 1455 omnibus
474 1407 623 1455 ferme
642 1407 775 1470 regni
794 1406 919 1453 illius
934 1406 1246 1472 principibus,
1271 1406 1387 1455 fisco
1406 1425 1494 1455 suo
1513 1410 1643 1473 regio

236 1501 404 1532 omnes
417 1500 587 1532 eorum
604 1493 751 1530 terras
767 1493 812 1530 et
828 1500 999 1530 census
1015 1484 1304 1548 praediorum
1322 1485 1530 1548 adjecit),
1542 1496 1644 1533 tum

237 1562 298 1611 ab
317 1561 565 1621 Edoardo,
595 1561 850 1625 Anglorum
871 1562 1024 1625 rege',
1051 1571 1154 1607 tum
1174 1577 1202 1608 a
1225 1561 1346 1609 duce
1369 1562 1647 1610 Mediolani⁸

237 1649 285 1687 et
302 1639 404 1687 aliis
425 1637 657 1703 tyrannis;
686 1653 893 1701 quorum
915 1636 1011 1684 hoc
1032 1638 1280 1703 proprium
1305 1655 1406 1686 esse
1425 1638 1567 1700 solet,
1595 1649 1648 1686 ut

238 1715 480 1781 sanguinis
501 1714 574 1761 sui
596 1712 967 1779 proximioribus
991 1723 1038 1760 et
1059 1715 1288 1777 cognatis,
1318 1724 1369 1762 ut
1391 1715 1478 1762 soli
1502 1715 1648 1762 totius

238 1802 380 1858 atque
406 1791 600 1839 liberius
629 1791 865 1856 imperent
893 1801 940 1838 et
972 1807 1032 1838 ne
1061 1808 1222 1839 secum
1258 1802 1417 1858 partes
1452 1793 1645 1852 faciant,

239 1879 444 1918 mortem
477 1868 652 1916 inferre
685 1868 1038 1915 consueverint.
1078 1869 1217 1932 Atqui
1254 1869 1469 1934 profecto
1503 1870 1648 1918 vehe-

292 1972 331 2009 1.
362 1969 620 2010 Saint-Pierre
639 1968 687 2008 de
704 1969 896 2018 Louvain‚
916 1968 1019 2008 alors
1039 1968 1155 2022 eglise
1169 1970 1383 2024 collegiale.

293 2031 332 2070 Ξ.
363 2029 580 2069 Ferdinand
601 2028 797 2081 d’Aragon
810 2059 820 2077 ,
843 2029 901 2068 fils
921 2028 1058 2068 batard
1078 2029 1315 2083 d’Alphonse
1333 2031 1372 2070 le
1389 2032 1650 2084 Magnanime,

242 2089 309 2141 qui
326 2090 430 2129 avait
445 2089 605 2141 conquis
622 2089 660 2128 le
679 2101 863 2142 royaume
886 2088 933 2127 de
951 2088 1093 2141 Naples
1111 2103 1178 2128 sur
1196 2090 1234 2128 la
1253 2090 1402 2129 maison
1419 2090 1600 2142 d’Anjou.
1621 2091 1652 2130 Il

243 2147 375 2187 assista
401 2149 520 2188 Louis
549 2151 606 2187 XI
637 2147 807 2200 pendant
834 2147 873 2186 la
901 2160 1040 2200 guerre
1067 2148 1118 2186 du
1145 2149 1239 2187 Bien
1267 2149 1418 2201 public,
1448 2163 1496 2188 en
1519 2151 1656 2190 faisant

245 2207 387 2247 croiser
407 2220 466 2247 ses
483 2208 688 2246 vaisseaux
707 2220 774 2246 sur
794 2207 832 2246 la
852 2208 937 2246 cote
958 2206 1007 2246 de
1031 2209 1245 2248 Provence.
1265 2209 1474 2249 Collection
1498 2209 1566 2249 des
1588 2209 1657 2248 do-

245 2275 416 2306 cuments
430 2265 585 2315 inedits,
607 2269 821 2318 Melanges,
839 2274 866 2306 t.
889 2268 943 2315 H,
963 2279 1004 2318 p.
1027 2267 1118 2305 382.

300 2327 338 2364 3.
364 2319 546 2364 Edouard
566 2327 632 2373 IV,
654 2325 756 2364 alors
777 2325 951 2378 regnant.

301 2387 341 2425 4.
368 2384 644 2423 L'admiration
663 2384 711 2423 de
730 2385 846 2423 Louis
869 2386 926 2423 XI
947 2398 1048 2436 pour
1067 2386 1250 2437 Francois
1271 2386 1404 2426 sforee
1424 2387 1543 2427 eclate
1562 2388 1658 2427 dans

247 2442 305 2482 -les
330 2443 552 2482 documents
585 2443 757 2482 officiels.
801 2442 907 2481 Voici
941 2456 988 2482 en
1019 2445 1128 2495 quels
1158 2453 1298 2484 termes
1330 2446 1358 2484 il
1386 2447 1493 2499 parle
1524 2447 1571 2486 de
1603 2448 1659 2486 lui

252 2500 346 2550 dans
367 2501 405 2539 le
427 2501 652 2553 preambule
678 2502 745 2541 des
766 2502 897 2540 lettres
918 2515 989 2554 par
1015 2503 1218 2555 lesquelles
1243 2505 1270 2542 il
1294 2504 1348 2543 lui
1373 2505 1604 2544 abandonna
1622 2506 1660 2544 la

253 2561 462 2613 seigneurie
480 2561 529 2600 de
550 2564 675 2601 Genes
698 2577 706 2600 :
735 2579 750 2596 α
762 2562 993 2615 Diligentius
1015 2565 1320 2616 contemplamur
1333 2566 1660 2617 praestantissimas

253 2619 371 2658 animi
382 2627 420 2658 et
433 2621 603 2671 corporis
621 2621 728 2659 dotes
743 2620 989 2660 illustrissimi
1004 2635 1048 2660 ac
1061 2624 1295 2676 magnanimi
1308 2625 1499 2663 Francisci
1511 2624 1660 2672 Forcia‚

255 2688 346 2727 etc„
366 2678 546 2717 avunculi
570 2680 691 2718 nostri
712 2680 968 2730 dilectissimi,
988 2691 1252 2734 quantumque
1275 2684 1490 2722 felicissime
1511 2696 1662 2735 semper

256 2739 295 2777 in
318 2737 433 2776 rebus
461 2736 606 2777 bellicis
633 2753 705 2790 pro
732 2739 1024 2792 incomparabili
1044 2741 1177 2780 invicti
1201 2742 1320 2781 animi
1347 2743 1406 2781 sui
1431 2742 1662 2781 sublimitate

255 2797 509 2851 praevaluerit.
535 2815 552 2831 ι»
580 2800 824 2837 Ordonnance
841 2803 907 2838 des
922 2805 998 2838 rois
1015 2804 1063 2838 de
1076 2805 1232 2850 ance,
1251 2811 1279 2840 t.
1299 2804 1408 2851 XVI,
1427 2817 1466 2854 p.
1487 2805 1550 2841 57.

287 2887 319 2924 ⁴3
