2054 3470
711 367 857 406 LIBER
883 365 1083 404 PRIMUS.
1550 365 1594 401 51

198 477 296 508 non
327 459 506 523 absque
531 453 802 519 ingentibus
825 467 1027 499 moerore
1048 459 1096 497 et
1119 449 1340 497 lamentis
1370 449 1419 496 in
1444 449 1602 496 Scotia

198 537 378 585 relicto.

263 614 372 661 Haec
397 611 524 659 fuere
555 608 752 669 auxilia,
789 606 890 654 haec
919 605 1228 652 humanitatis
1271 603 1438 651 solatia
1464 619 1569 668 quae
1586 638 1601 662 ,

200 689 262 738 ad
281 705 440 754 regem
461 690 774 746 Francorum,
805 692 938 732 tanto
962 681 1328 748 propinquitatis
1359 697 1486 728 nexu
1513 680 1605 728 sibi

198 767 397 832 viroque
428 781 516 812 suo
551 763 891 826 conjunctum,
932 759 1238 824 confugiens,
1279 760 1381 824 ipsa
1414 758 1608 806 illustris

202 842 457 907 Anglorum
481 841 643 905 regina
664 839 846 886 invenit
880 856 890 885 :
927 837 1068 902 longe
1089 836 1303 902 profecto
1328 852 1383 884 ac
1406 836 1608 883 nimium

200 919 274 968 his
301 919 498 986 imparia
516 954 528 978 ,
569 933 674 982 quae
705 917 813 982 pius
842 915 1030 979 genitor
1061 931 1174 962 suus
1204 913 1401 961 Carolus
1432 912 1610 961 eisdem

201 997 295 1046 suis
316 996 482 1062 nepoti
512 995 737 1060 neptique
763 1031 775 1054 ,
812 992 904 1041 nisi
928 993 978 1039 in
1001 991 1095 1039 fata
1116 991 1425 1039 concessisset
1450 1027 1463 1052 ,
1495 1006 1612 1056 prae-

201 1084 322 1124 stare
342 1073 620 1141 adparabat.

665 1274 1005 1322 CAPITULUM
1041 1274 1140 1319 XV.

207 1413 367 1458 Qualiter
381 1411 597 1447 Francorum
612 1422 675 1445 rex
690 1422 772 1444 cum
786 1409 969 1453 Edoardo,
983 1410 1179 1456 Anglorum
1195 1407 1390 1458 [tyranno]‚
1407 1409 1509 1444 binas
1524 1416 1619 1444 treu-

255 1479 315 1515 gas
334 1465 412 1500 iniit
427 1466 579 1501 exitiales
592 1464 766 1507 Henrico,
784 1465 978 1511 Anglorum
994 1463 1066 1511 regi
1077 1491 1086 1506 ,
1111 1464 1326 1498 consobrino
1345 1475 1430 1507 §1103
1452 1463 1515 1510 qui
1529 1462 1621 1499 deli-

257 1529 390 1556 tescens
401 1519 438 1554 in
451 1518 663 1554 monasterio
676 1531 790 1566 prope
803 1518 892 1553 fines
906 1518 1004 1565 regni
1020 1517 1086 1561 sui,
1103 1517 1267 1564 proditus
1281 1515 1464 1562 Eduardo,
1482 1517 1527 1553 ab
1542 1517 1620 1565 ipso

257 1573 296 1608 in
309 1572 417 1608 Turri
435 1570 705 1607 Londoniarum
723 1571 855 1607 carceri
869 1579 920 1606 est
934 1571 1167 1619 mancipatus.

276 1694 370 1743 Sed
392 1704 438 1742 et
466 1711 566 1741 non
590 1693 731 1757 longe
759 1701 1013 1757 postquam
1037 1691 1206 1739 eadem
1230 1692 1392 1755 regina
1413 1692 1462 1738 in
1476 1695 1620 1740 Fran-

212 1773 334 1820 ciam
357 1771 658 1829 adventarat,
685 1778 732 1816 et
754 1769 910 1816 eidem
930 1767 1087 1815 verbis
1115 1784 1287 1831 magna
1309 1786 1358 1816 se
1382 1769 1623 1817 exhibitu-

213 1866 320 1896 rum
357 1848 522 1895 solatia
555 1862 635 1894 rex
671 1845 1037 1911 spoponderat,
1079 1844 1239 1892 modis
1273 1846 1500 1894 omnibus
1538 1863 1624 1912 per

213 1925 425 1974 medium
446 1925 631 1972 comitis
653 1923 713 1976 de
735 1927 801 1970 W
802 1923 999 1983 arviclzss
1026 1939 1170 1986 quem
1199 1939 1489 1989 magnopere
1509 1933 1624 1972 tunc

212 2002 437 2070 colebat,
466 2001 694 2050 amicitias
715 2010 858 2064 atque
893 1999 1070 2047 soedera
1092 2000 1301 2048 Edoardi
1335 2002 1456 2065 regis
1479 2019 1622 2068 expe-

214 2090 310 2128 tere
327 2096 376 2127 se
396 2078 617 2127 ostendit.
642 2076 935 2142 Agnoscebat
952 2077 1177 2125 eumdem
1194 2079 1419 2126 comitem
1430 2090 1622 2128 versuto

216 2156 464 2205 callentem
488 2155 706 2220 ingenio,
740 2154 802 2202 ad
832 2153 1116 2202 tradimenta
1140 2171 1194 2202 ac
1218 2155 1514 2220 proditiones
1544 2159 1623 2205 in-

215 2243 530 2282 strumentum
553 2233 783 2280 idoneum
803 2269 815 2292 ,
855 2248 1051 2296 sperans
1083 2232 1185 2296 ejus
1214 2243 1317 2280 astu
1340 2271 1354 2295 ,
1389 2233 1626 2300 quidquid

217 2310 554 2381 desiderasset,
606 2327 744 2375 posse
782 2309 1011 2373 consequi
1050 2309 1110 2356 de
1156 2310 1418 2374 Anglorum
1453 2328 1621 2376 regno.

219 2388 355 2436 Unde
390 2388 612 2436 eumdem
651 2387 877 2434 comitem
909 2386 1086 2451 pluries
1112 2387 1382 2436 sollicitavit
1413 2390 1626 2436 muneri-

217 2466 400 2531 busque
434 2456 626 2532 pellexit
660 2474 742 2525 ut,
788 2463 850 2511 ad
873 2464 1168 2528 colloquium
1198 2481 1309 2512 cum
1338 2482 1396 2513 eo
1426 2466 1625 2513 familia-

220 2542 317 2589 rius
347 2541 647 2601 habendum,
677 2541 754 2587 vel
782 2540 844 2587 ad
868 2539 1265 2602 Abbatisvillam’,
1303 2541 1378 2589 vel
1406 2543 1467 2590 ad
1495 2543 1626 2591 aliud

276 2681 313 2716 1.
342 2675 506 2715 Richard
529 2676 663 2726 Nevil,
689 2685 814 2715 comte
844 2676 893 2715 de
913 2676 1103 2716 Warwick
1130 2686 1168 2715 et
1194 2677 1243 2716 de
1269 2677 1481 2731 Salisbury,
1504 2679 1626 2732 grand

222 2734 438 2775 chambrier
453 2735 734 2786 d’Angleterrc,
747 2735 784 2773 le
797 2736 922 2773 meme
938 2735 1032 2774 dont
1046 2735 1073 2773 il
1092 2750 1115 2775 a
1127 2737 1187 2775 ete
1198 2737 1305 2788 parle
1324 2738 1419 2777 dans
1434 2738 1628 2776 l'Histoire

222 2795 271 2834 de
289 2793 443 2833 Charles
460 2796 545 2841 VII,
563 2794 591 2831 l.
612 2797 660 2843 V,
683 2808 716 2833 c.
738 2807 819 2832 xV1.

276 2856 314 2893 2.
345 2852 560 2894 Abbeville.
