2054 3470
378 368 456 404 33⁴
737 369 1075 407 HISTORIARUM
1102 370 1336 407 LUDOVICI
1365 371 1421 407 XI

375 464 536 516 verat,
563 454 820 515 conficere,
857 466 903 502 et
934 472 1053 520 quas
1076 472 1239 503 secum
1263 455 1477 514 habebat,
1500 457 1663 521 copias
1697 456 1800 504 il101

374 531 621 580 traducere
638 533 885 598 potuisset,
911 534 1053 580 etiam
1072 551 1129 581 ex
1147 533 1435 598 Burgundia,
1457 533 1539 580 ubi
1561 550 1784 598 magnam>

374 608 578 657 habebat
596 619 780 675 partem
802 611 1049 675 copiarum
1073 627 1264 659 suarum
1277 648 1288 670 ‚
1308 610 1499 674 aggredi
1515 621 1663 660 terras
1682 612 1784 661 illas

374 686 577 748 Alsatiae,
609 696 655 734 et
677 687 742 735 ita
761 703 787 734 a
811 687 1009 735 diversis
1031 705 1273 752 aggressus
1300 688 1537 752 partibuS‚
1564 688 1699 736 facile
1731 690 1790 736 inv

373 779 513 812 suam·
532 780 611 812 eas
638 764 852 828 redigere
883 765 1134 813 ditionem.
1164 765 1257 812 Sed
1289 782 1434 829 quam
1464 765 1605 830 longe
1627 768 1779 827 aliter,

371 854 429 886 ac
449 841 760 888 aestimaverat
774 841 912 904 eique
930 857 958 888 a
974 842 1102 888 dicto
1122 841 1480 906 archiepiscopo
1504 842 1655 890 suerat
1673 860 1783 908 sug-

372 923 554 980 gestum
570 954 582 975 ‚
609 935 684 965 res
706 920 1040 983 provenerint,
1067 935 1124 966 ex
1141 918 1215 965 his
1237 935 1342 983 quae
1363 919 1621 967 reseremus
1633 937 1780 985 appa-

372 995 496 1042 rebit
518 993 610 1042 :ut
631 996 1042 1060 quemadmodum
1072 1013 1194 1061 saepe
1225 1006 1272 1043 et
1301 988 1349 1042 in
1382 996 1567 1057 multis,
1600 1007 1705 1044 tum
1729 999 1779 1045 in

371 1072 465 1119 hoc
487 1083 661 1120 eventu
682 1089 850 1120 verum
870 1089 970 1120 esse
992 1082 1174 1138 pateat,
1198 1071 1331 1136 quod
1360 1087 1492 1119 sacer
1513 1073 1641 1120 canit
1658 1075 1781 1138 psal-

372 1167 505 1198 mus:
526 1171 550 1198 «
568 1152 810 1210 Quoniam
827 1152 1063 1198 Dominus
1086 1150 1281 1215 dissipat
1299 1150 1611 1213 cogitationes
1629 1168 1783 1217 popu-

370 1229 528 1276 lorum
549 1238 596 1276 et
618 1228 844 1293 reprobat
867 1228 1065 1275 consilia
1087 1228 1375 1293 principum.
1407 1246 1431 1270 J>

435 1309 556 1354 Cum
599 1307 750 1365 enim,
789 1323 951 1353 mense
989 1305 1132 1369 julio,
1165 1306 1214 1351 in
1254 1304 1376 1368 agris
1409 1303 1784 1366 Trajectensibus

365 1385 500 1447 juxta
522 1383 700 1430 flumen
726 1386 887 1430 Mosae¹
911 1383 1075 1448 copias
1107 1398 1215 1429 suas
1246 1381 1498 1444 coegisset,
1527 1380 1783 1445 fuissetque

370 1471 522 1509 castra
540 1471 757 1520 metatus,
784 1462 942 1509 statim
964 1471 1091 1526 post,
1120 1461 1181 1508 ad
1206 1458 1525 1507 obsidendum
1549 1459 1782 1524 oppidum

370 1539 594 1597 Nussiae’,
622 1555 764 1603 supra
792 1540 945 1604 ripam
982 1539 1133 1586 Rheni
1167 1537 1401 1596 fluminis,
1428 1546 1582 1583 castra
1615 1536 1782 1584 admo-

369 1619 457 1678 vit,
477 1618 635 1683 ipsum
653 1618 887 1683 oppidum
914 1618 1096 1681 magnis
1117 1616 1321 1663 militum
1344 1613 1635 1677 agminibus,
1658 1623 1790 1661 terra·

370 1695 680 1759 flumineque,
702 1712 759 1743 ex
783 1695 988 1760 quadam
1011 1694 1258 1757 adjacente
1274 1692 1444 1753 insula,
1471 1691 1618 1739 cinxit
1640 1701 1782 1754 atque

370 1772 623 1819 obsidione
647 1772 854 1820 vallavit.
881 1772 1078 1819 Circiter
1106 1780 1266 1818 autem
1291 1785 1487 1816 emenso
1516 1778 1626 1816 ante
1646 1767 1783 1815 bien-

370 1849 478 1907 nio,
503 1838 838 1912 hujuscemodi
862 1849 1120 1914 oppidum,
1153 1846 1286 1911 quod
1309 1855 1379 1893 est
1405 1845 1465 1892 de
1491 1844 1781 1908 patrimonio

369 1925 803 1990 archiepiscopatus
833 1925 1152 1983 Coloniensis‚
1179 1932 1376 1988 propter
1406 1920 1637 1984 quasdam
1671 1920 1784 1967 satis

369 2003 830 2049 saevas-exactiones³
862 2019 980 2066 quas
1006 2002 1056 2047 in
1086 2001 1211 2048 cives
1241 1999 1337 2046 loci
1372 2007 1418 2044 et
1442 1996 1676 2062 oppidum
1704 2012 1779 2043 ar-

369 2079 701 2144 chiepiscopus
735 2079 912 2140 facere,
950 2089 1001 2126 ut
1031 2078 1175 2140 vulgo
1207 2076 1463 2136 ferebatur,
1497 2084 1776 2132 attentarat,

369 2157 458 2221 ipsi
479 2158 603 2204 cives
622 2157 683 2204 ab
699 2158 803 2221 ipso
824 2157 1024 2203 domino
1044 2172 1132 2203 suo
1155 2156 1450 2214 defecerant,
1477 2164 1641 2218 atque,
1668 2152 1781 2200 obe·

369 2233 547 2281 dientia
567 2233 659 2281 sibi
688 2233 948 2290 subtracta,
972 2250 1073 2280 sese
1096 2233 1144 2280 in
1169 2232 1436 2279 libertatem
1457 2230 1776 2290 vindicarant,

370 2321 416 2358 et
431 2310 810 2358 consoederarant
846 2310 1053 2376 capitulo
1072 2310 1368 2357 Coloniensis
1390 2309 1596 2358 ecclesiae
1611 2345 1623 2367 ‚
1645 2307 1779 2372 quod

369 2390 628 2437 simultates
650 2406 812 2454 graves
836 2388 1061 2436 adversus
1083 2405 1224 2435 suum
1246 2387 1657 2452 archiepiscopum
1681 2384 1778 2432 ob-

425 2575 462 2610 1.
496 2573 569 2609 Les
589 2568 770 2608 environs
789 2567 836 2606 de
846 2567 1069 2606 Maestricht
1080 2580 1146 2616 ou,
1162 2578 1312 2604 comme
1331 2577 1382 2603 on
1401 2563 1515 2602 disait
1532 2577 1580 2603 en
1597 2565 1775 2617 franc-ais,

371 2631 420 2669 de
436 2631 800 2668 Trect-sur-Meuse.
824 2630 878 2665 Le
897 2627 970 2665 duc
997 2627 1125 2665 ari-iva
1150 2625 1246 2663 dans
1267 2631 1366 2662 cette
1392 2622 1485 2662 ville
1506 2623 1543 2662 le
1563 2625 1614 2662 13
1635 2624 1775 2673 juillet.

370 2688 529 2741 Lenglet
545 2687 780 2737 Dusresnoy,
804 2688 1023 2731 commines,
1044 2695 1071 2723 t.
1090 2687 1148 2732 II,
1169 2698 1208 2736 p.
1231 2685 1322 2721 213.

423 2752 460 2790 2.
494 2751 633 2797 Neuss,
655 2747 887 2785 au—dessous
908 2746 956 2783 de
974 2746 1162 2798 Cologne‚
1189 2742 1434 2791 aujourd'hui
1451 2742 1545 2781 dans
1564 2742 1600 2781 le
1631 2741 1778 2780 district

371 2808 419 2847 de
436 2806 666 2848 Dusseldorf
678 2808 831 2854 (Prusse
849 2804 1048 2853 rhenane).

426 2870 462 2907 3.
494 2868 761 2905 Excusationes
776 2865 870 2903 dans
885 2864 921 2902 le
942 2876 1014 2901 ηις.
