2054 3470
708 356 853 393 LIBER
878 355 1095 392 TERTIUS.
1528 354 1605 391 235

208 446 454 505 BalduinO,
478 442 678 494 naturali
698 443 829 489 fratri
848 442 1059 505 ejusdem
1089 442 1223 489 ducis
1236 444 1264 488 ¹.
1291 442 1385 499 Qui
1418 442 1607 489 Baldui-

209 539 317 583 nus,
338 521 524 586 juvenis
539 519 924 583 juvenilibusque
947 518 1244 583 passionibus
1266 517 1504 574 subditus,
1529 536 1607 567 ve-

209 597 358 649 nandi
387 606 434 645 et
455 595 706 659 sagittandi
738 595 968 642 exercitiis
992 595 1252 659 plurimum
1278 595 1466 643 deditus
1486 607 1603 643 erat.

210 679 368 742 Ipsum
384 675 561 737 itaque,
579 673 690 736 quia
707 672 836 718 fratri
857 689 944 719 suo
966 672 1078 719 duci
1097 673 1207 719 satis
1228 672 1470 720 familiaris
1486 684 1604 732 erat,

211 762 435 816 tanquam
471 759 797 815 opportunum
828 749 1045 814 patrandi
1072 749 1258 797 sceleris
1291 759 1339 796 et
1372 750 1607 798 damnan-

211 827 284 877 dae
302 843 398 876 suae
420 826 784 874 machinationis
805 826 1195 884 instrumentum,
1221 826 1431 890 praedicti
1457 836 1610 873 trans-

210 905 328 970 fugae
348 903 413 951 ad
439 903 819 951 interficiendum
841 912 890 950 et
910 903 1305 966 exstinguendum
1334 903 1610 968 praedictum

211 981 404 1042 d'uoem,
429 981 619 1028 fratrem
653 997 818 1040 suum,
848 997 947 1027 uno
974 981 1050 1028 vel
1072 981 1164 1028 alio
1195 981 1367 1039 modo,
1393 991 1447 1028 ut
1471 999 1611 1029 suum

210 1067 448 1124 praestaret
478 1074 724 1106 assensum
750 1057 1072 1123 pellexerunt,
1112 1058 1201 1105 sibi
1240 1075 1326 1123 per
1363 1060 1611 1106 internun-

212 1136 301 1184 tios
330 1135 602 1183 intimantes
633 1135 834 1200 qualiter
866 1138 1156 1182 Francorum
1190 1152 1270 1182 rex
1287 1171 1300 1195 ,
1327 1137 1405 1183 cui
1429 1136 1491 1183 ad
1513 1153 1614 1183 ser-

209 1214 439 1262 viendum
475 1231 524 1263 se
560 1213 863 1273 addixerant,
914 1230 1086 1276 magna
1126 1224 1357 1261 terrarum
1402 1214 1616 1262 dominia

212 1308 501 1356 magnasque
532 1292 844 1356 pecuniarum
879 1302 925 1338 et
959 1292 1247 1356 pensionum
1280 1308 1489 1340 summas
1525 1291 1615 1339 sibi

213 1369 436 1417 daturum
473 1369 790 1432 promitteret,
820 1370 968 1417 modo
1002 1368 1178 1433 praefati
1216 1369 1367 1427 ducis,
1404 1370 1614 1432 germani

214 1446 287 1495 sui
302 1483 316 1502 ‚
341 1461 507 1493 necem
528 1446 628 1510 ipse
650 1445 938 1510 perficeret¹.

212 1587 478 1635 chambellan,
505 1587 660 1627 messire
679 1588 894 1635 Anthoine,
912 1589 1067 1628 bastard
1091 1589 1138 1628 de
1159 1593 1434 1642 Bourgongne,
1462 1598 1499 1627 et
1517 1603 1618 1641 gou-

215 1660 383 1686 verneur
400 1647 449 1685 de
469 1647 505 1686 la
524 1660 714 1699 personne
733 1647 780 1685 de
799 1661 924 1687 mons.
945 1648 1140 1700 Philippes
1160 1649 1207 1687 de
1226 1652 1368 1687 Beures
1381 1680 1391 1698 ‚
1415 1662 1484 1687 son
1502 1649 1576 1688 fils.
1597 1665 1615 1682 ιο

216 1710 342 1746 Lettre
364 1707 416 1745 du
436 1708 511 1746 duc
529 1708 576 1746 de
594 1711 824 1761 Bourgogne
845 1708 898 1747 du
916 1711 964 1748 13
985 1709 1066 1747 dec.
1094 1712 1211 1748 1470.
1234 1709 1391 1756 Duclos,
1413 1722 1579 1760 preuves
1598 1710 1619 1747 a

217 1764 412 1803 l’Histoire
429 1769 477 1804 de
494 1770 607 1805 Louis
623 1771 668 1805 X
664 1771 689 1805 I
690 1798 697 1805 .

270 1828 310 1864 1.
344 1843 361 1859 α
386 1828 476 1878 Ung
501 1840 604 1865 assez
627 1827 762 1875 jeusne
785 1837 894 1867 autre
921 1827 1074 1867 bastard
1102 1828 1151 1867 de
1176 1829 1439 1880 Bourgoigne,
1465 1829 1621 1866 nomme

217 1884 373 1930 messire
388 1886 608 1936 Baudewyn
623 1887 672 1925 de
690 1887 800 1935 Lille‚
818 1901 887 1938 so)r
905 1896 1035 1927 tenant
1050 1901 1239 1939 avecques
1255 1901 1324 1926 son
1344 1888 1445 1926 frere
1461 1887 1497 1925 le
1512 1895 1624 1939 grant

216 1941 437 1984 bastard....
458 1945 529 1983 fier
547 1944 750 1984 durement
771 1954 809 1984 et
828 1945 876 1984 de
895 1956 1006 1999 grant
1023 1961 1129 1994 cuer,
1149 1947 1209 1985 coi
1227 1956 1265 1985 et
1281 1955 1441 1986 convert
1461 1947 1509 1985 de
1527 1960 1620 1986 cou-

218 2015 330 2055 rage,
352 2003 455 2058 'mais
483 2003 668 2056 poignant
693 2014 732 2043 et
758 2018 870 2057 aspre
901 2019 950 2044 en
982 2006 1142 2057 parolle.
1171 2022 1190 2044 ι»
1222 2006 1476 2057 Chastellain,
1509 2006 1621 2054 ibid„

217 2074 254 2101 c.
274 2075 429 2102 mxu.

273 2123 312 2161 2.
341 2123 440 2173 C'est
456 2121 495 2161 la
510 2121 663 2160 version
680 2122 877 2174 repandue
897 2137 967 2176 par
984 2125 1019 2164 le
1037 2125 1112 2163 duc
1128 2124 1177 2164 de
1191 2128 1421 2177 Bourgogne
1438 2138 1485 2164 en
1503 2124 1624 2163 forme

222 2178 273 2218 de
287 2179 505 2230 manifeste,
526 2188 563 2218 et
583 2181 650 2231 qui
667 2182 733 2220 fait
750 2181 880 2230 l’objet
898 2183 946 2222 de
965 2184 1001 2221 la
1019 2184 1130 2222 lettre
1151 2184 1199 2223 de
1220 2184 1378 2231 Duclos,
1403 2184 1489 2233 deja
1510 2197 1624 2222 men-

219 2237 387 2289 tionn‘ee.
409 2242 462 2278 Le
490 2239 584 2277 recit
607 2239 655 2277 de
680 2240 934 2287 Chastellain‚
955 2242 1042 2293 plus
1073 2243 1343 2281 circonstancie
1372 2253 1409 2282 et
1438 2244 1523 2295 plus
1543 2256 1626 2281 mo-

222 2297 334 2347 dere,
355 2297 486 2338 derive
506 2299 729 2337 neanmoins
750 2299 798 2337 de
821 2299 860 2337 la
886 2303 1010 2339 meme
1035 2315 1184 2343 source,
1202 2305 1306 2340 Nous
1323 2316 1442 2341 avons
1460 2316 1623 2350 encore,

223 2368 290 2396 sur
313 2366 410 2396 cette
434 2358 589 2404 affaire,
616 2357 719 2396 deux
743 2358 872 2396 lettres
896 2358 949 2396 du
973 2359 1106 2398 batard
1133 2361 1306 2399 Baudoin
1334 2370 1371 2400 et
1389 2361 1438 2400 de
1458 2365 1552 2400 Jean
1578 2361 1626 2400 de

223 2414 382 2464 Chassa,
404 2419 455 2455 οὺ
476 2417 523 2455 ils
548 2430 588 2455 se
612 2417 814 2455 defendent
834 2418 984 2456 d’avoir
1001 2419 1138 2466 jamais
1160 2421 1276 2471 pense
1301 2433 1350 2458 au
1368 2420 1486 2458 crime
1507 2422 1627 2470 qu’on

223 2473 308 2511 leur
328 2474 492 2526 impute,
513 2484 550 2514 et
567 2475 742 2523 rejettent
763 2489 829 2514 sur
846 2477 883 2514 le
905 2477 979 2514 duc
1000 2478 1047 2515 de
1064 2481 1293 2531 Bourgogne
1314 2478 1369 2516 les
1390 2478 1627 2517 accusations

224 2533 279 2572 les
294 2533 380 2586 plus
394 2534 489 2573 sales
504 2544 542 2575 et
559 2535 614 2573 les
631 2536 717 2587 plus
733 2536 1086 2575 invraisemblables
1101 2542 1112 2583 (
1121 2539 1276 2587 Duclos,
1294 2552 1458 2590 preuves
1473 2541 1493 2576 2⁸1
1509 2540 1627 2576 l'His-

226 2595 316 2631 toire
337 2595 386 2630 de
407 2599 520 2632 Louis
543 2599 638 2644 XI).
663 2599 718 2634 En
747 2597 874 2636 bonne
897 2598 1078 2649 critique,
1101 2600 1127 2637 il
1150 2609 1207 2638 est
1227 2600 1380 2639 difficile
1402 2600 1627 2638 d'admettre

225 2660 334 2691 autre
352 2653 466 2692 chose
481 2657 599 2704 qu’un
616 2664 698 2695 acte
715 2656 764 2694 de
782 2657 986 2706 defection,
1007 2659 1212 2710 interprete
1230 2673 1300 2711 par
1318 2660 1353 2698 le
1369 2659 1444 2697 duc
1462 2660 1570 2697 selon
1584 2671 1626 2696 ce

225 2724 301 2761 que
322 2711 376 2749 lui
399 2713 590 2763 suggerait
613 2727 652 2752 sa
675 2715 823 2764 colere,
850 2725 886 2754 et
909 2718 1009 2755 aussi
1033 2718 1139 2756 selon
1162 2719 1198 2757 le
1225 2719 1327 2757 desii·
1345 2720 1515 2757 extreme
1534 2716 1627 2766 qu'il

223 2770 328 2807 »avait
348 2770 536 2818 d'etablir,
555 2784 629 2809 aux
650 2786 751 2823 yeux
768 2774 816 2812 de
835 2775 1030 2827 l’Europe,
1051 2790 1127 2828 que
1145 2778 1260 2816 Louis
1279 2781 1336 2816 XI
1354 2776 1574 2827 complotait
1588 2788 1630 2813 sa

228 2837 340 2868 mort.
359 2830 435 2867 Des
453 2829 489 2868 le
504 2831 600 2868 mois
618 2830 665 2869 de
679 2832 899 2881 juin'1470‚
920 2847 972 2872 un
990 2835 1209 2887 vagabond,
1228 2837 1382 2875 nomme
1397 2839 1492 2874 Jean
1509 2839 1626 2884 Roes,
