2054 3470
357 363 433 401 430
781 364 939 402 INDEX
967 365 1335 406 CAPITULORUM.

356 487 564 523 Cum-mun
581 498 637 522 m.
656 507 703 515 —
716 487 981 535 Argumentatio
996 499 1117 524 eorum
1132 487 1192 535 qni
1210 488 1412 537 principum
1429 461 1765 555 universali-terna„

401 555 495 594 gesta
509 546 714 595 improbant
726 555 760 583 et
774 547 963 592 damnant,
984 560 1061 595 quae
1080 548 1275 583 rationibus
1291 549 1461 585 refellitur
1464 575 1662 587 .........
1694 552 1763 587 109

355 636 567 672 curruum
583 650 634 673 ιν.
649 658 698 664 -
712 637 904 682 Quomodo
915 650 936 672 a
949 637 1117 673 Bastardo
1130 637 1227 673 dicto
1243 640 1415 674 Borbonii
1432 649 1466 675 et
1479 639 1570 676 duce
1582 641 1670 676 Bor-

402 696 503 730 bonii
526 696 610 731 urbs
631 696 785 731 Biturica
811 709 893 731 cum
910 697 1090 731 nonnullis
1111 697 1258 732 castellis
1287 707 1457 746 occupata
1482 699 1570 744 fuit3
1595 711 1673 746 quae

403 755 540 791 castella
557 768 620 791 rex
638 756 876 804 recuperavit,
899 764 933 791 et
947 755 1131 791 adversum
1153 757 1318 793 comitem
1340 757 1385 793 de
1413 758 1585 795 Charolois
1609 771 1672 794 ac-

401 814 510 850 currit
514 840 1664 854 .................................................
1698 820 1765 854 114

355 909 564 944 Currum
578 922 614 945 v.
630 929 678 936 —-
693 910 745 943 De
759 908 881 956 praelio
896 917 1019 944 contra
1030 909 1243 957 Burgundos
1254 911 1350 958 apud
1363 912 1672 949 Mentem-Hericii

400 980 465 1015 per
481 980 598 1014 regem
615 968 801 1003 commisso
815 994 825 1011 ,
851 976 932 1015 post
957 967 1056 1015 quod
1077 981 1159 1013 rex,
1187 969 1452 1017 Rothomagum
1468 970 1678 1018 adveniens,

400 1039 543 1074 magnas
559 1027 680 1074 copias
703 1040 745 1062 ex
766 1027 986 1062 Normannia
1004 1027 1125 1063 eduxit
1138 1037 1172 1063 et
1187 1029 1339 1064 Parisios
1354 1041 1390 1064 se
1406 1031 1539 1078 recepit
1544 1058 1664 1068 ......
1697 1035 1765 1069 118

355 1113 569 1148 Curi-unm
578 1126 628 1148 vx.
639 1133 690 1141 —
702 1112 896 1156 Quomodo
910 1113 1088 1161 principes
1102 1115 1357 1162 conjurationis
1373 1123 1483 1151 casu-a
1499 1129 1561 1151 sua
1573 1117 1674 1164 juxta

401 1173 527 1208 urbem
543 1172 772 1208 Parisiensem
785 1173 1002 1217 locaverunt,
1019 1181 1054 1208 et
1067 1174 1169 1219 quale
1185 1174 1372 1209 consilium
1386 1187 1448 1210 rex
1464 1187 1487 1209 a
1501 1174 1673 1210 Mediola-

401 1233 501 1267 nensi
515 1231 606 1268 duce
621 1232 771 1280 accepit.
795 1258 1668 1270 .....................................
1701 1234 1766 1269 122

353 1321 564 1357 CAPITULUM
580 1333 644 1358 vn.
657 1340 707 1348 —
720 1319 913 1364 Quomodo
930 1319 1106 1367 oppidum
1119 1320 1310 1355 Pontisarae
1323 1329 1359 1355 et
1374 1321 1458 1356 urbs
1472 1321 1672 1356 Rothoma-

402 1392 487 1427 gum
507 1380 659 1415 factione
685 1391 829 1423 eorum,
846 1379 907 1425 qui
929 1391 950 1413 a
971 1391 1052 1426 rege
1075 1388 1285 1427 acceperant
1308 1392 1435 1415 eorum
1457 1379 1673 1424 custodiam,

395 1438 599 1474 defecerunt
614 1439 659 1474 ab
682 1451 724 1473 eo
748 1447 782 1473 et
796 1438 1011 1473 transierunt
1027 1436 1074 1473 ad
1091 1438 1268 1487 principes
1289 1440 1494 1487 conjuratos
1498 1465 1669 1476 ........
1699 1439 1768 1474 ¹25

354 1525 565 1560 curruum
582 1537 658 1560 vm.
674 1544 723 1552 —
736 1525 789 1559 De
804 1523 988 1571 eruptione
1009 1522 1257 1559 Leodiensium
1285 1524 1332 1559 ad
1347 1537 1463 1569 arma,
1479 1537 1543 1572 per
1555 1537 1672 1572 regem

401 1583 659 1619 concitatorum
680 1584 717 1617 in
735 1592 844 1618 terras
864 1582 964 1617 ducis
981 1582 1193 1630 Burgundiae
1204 1609 1215 1628 ,
1233 1591 1267 1618 et
1282 1584 1451 1621 conviciis
1471 1596 1512 1618 ac
1535 1583 1675 1631 probris

401 1655 479 1689 quae
492 1643 531 1678 in
547 1656 629 1678 eum
647 1651 683 1678 et
702 1655 784 1678 suos
796 1643 1005 1691 jactitabant
1011 1668 1667 1680 ............................
1699 1642 1768 1678 ¹29

354 1735 566 1771 Cunnum
577 1748 627 1772 1x.
648 1756 696 1763 —
710 1736 764 1770 De
779 1735 973 1770 resistentia
989 1735 1079 1770 facta
1096 1734 1353 1770 Leodiensihus
1367 1747 1433 1783 per
1447 1734 1577 1770 ducem
1589 1735 1676 1770 Bur-

401 1793 562 1842 gundiae3
586 1803 620 1829 et
642 1795 888 1842 pacificatione
905 1795 998 1829 inter
1013 1806 1130 1841 regem
1149 1803 1184 1829 et
1209 1794 1409 1841 principes3
1427 1803 1461 1830 et
1474 1793 1592 1829 reditu
1608 1806 1673 1830 co-

402 1854 496 1889 mitis
511 1853 556 1888 de
578 1854 751 1890 charolois
770 1852 818 1888 ad
831 1862 940 1888 terras
961 1852 1070 1900 panis
1085 1852 1140 1887 sui
1147 1867 1159 1899 ;
1177 1861 1211 1888 et
1235 1852 1435 1888 defectione
1459 1851 1561 1888 ducis
1586 1853 1676 1888 Bor-

400 1913 501 1948 bonii
514 1926 536 1949 a
552 1914 683 1949 caeteris
695 1913 918 1961 principibus
921 1937 1665 1950 ................................
1697 1913 1765 1948 134

355 2005 566 2040 CAPrmLmu
578 2018 612 2042 x.
626 2025 674 2031 -
685 2003 877 2048 Quomodo
894 2003 969 2039 dux
983 2004 1145 2048 Carolus,
1154 2013 1297 2051 accepta
1308 2017 1329 2039 a
1340 2016 1421 2051 rege
1435 2003 1669 2048 Normannia,

402 2065 447 2099 ab
467 2065 626 2111 ingressu
647 2053 864 2111 Rothomagi
884 2064 950 2099 fuit
970 2063 1034 2099 diu
1049 2065 1237 2098 Britonum
1255 2063 1417 2099 detentus
1442 2063 1616 2106 factione;
1639 2071 1675 2098 et

401 2123 550 2169 qualiter
566 2123 605 2157 in
620 2123 836 2158 monasterio
851 2123 965 2157 Beatae
986 2122 1185 2170 Catharinae
1199 2135 1221 2157 a
1240 2123 1394 2159 statibus
1408 2122 1600 2171 provinciae
1617 2122 1673 2159 vi-

400 2182 521 2217 sitatus
539 2190 573 2217 et
591 2182 791 2217 consolatus
806 2181 889 2216 suit.
913 2207 1043 2216 ......
1044 2194 1066 2216 κ
1081 2207 1666 2218 .........................
1697 2181 1765 2216 uo

355 2276 565 2311 Cunnum
578 2286 628 2309 11.
645 2293 695 2301 —
707 2273 866 2317 Qualiter
880 2271 1048 2307 dominus
1063 2273 1224 2316 Carolus,
1243 2272 1318 2308 dux
1335 2273 1577 2317 Normanniae,
1593 2280 1674 2320 post

402 2335 524 2381 longas
538 2346 670 2377 moras,
683 2333 935 2367 Britannorum
951 2331 1044 2367 dolis
1058 2341 1270 2379 protractas,
1286 2333 1409 2367 urbem
1427 2345 1526 2367 suam
1540 2331 1675 2366 Rotho-

403 2405 544 2440 magum
555 2392 727 2439 ingressus
742 2400 812 2436 est;
830 2400 864 2426 et
879 2390 923 2425 de
933 2390 1135 2437 turpissima
1151 2390 1361 2426 discessione
1373 2391 1474 2426 ducis
1485 2390 1673 2426 Britannia

402 2452 448 2486 ab
461 2464 504 2486 eo
514 2478 525 2495 ‚
545 2451 723 2498 ipsiusque
741 2458 776 2485 et
794 2462 942 2484 suorum
959 2443 1188 2485 infamissima
1204 2450 1423 2498 proditione.
1442 2474 1667 2485 ..........
1700 2450 1766 2484 144

355 2548 566 2583 Cim-uma
582 2557 646 2582 ΧΠ.
667 2564 715 2572 -
729 2543 922 2587 Quomodo
945 2553 1118 2580 tentatum
1141 2545 1208 2580 fuit
1229 2544 1363 2580 ducum
1387 2544 1616 2580 Nox-mannia
1639 2552 1674 2580 et

401 2605 590 2643 Britanniae
604 2603 926 2640 reconciliationem
941 2604 1054 2640 facere
1058 2629 1666 2642 ..........................
1701 2603 1767 2639 150

354 2706 565 2742 numum
579 2717 654 2740 xm.
673 2724 720 2731 —
734 2704 788 2738 De
803 2702 939 2738 insidiis
953 2712 987 2738 et
1000 2702 1265 2751 proditionibus
1279 2716 1344 2752 per
1359 2702 1486 2739 ducem
1501 2701 1673 2738 Borbonii

401 2775 435 2802 et
448 2778 513 2813 per
526 2776 646 2813 regem
658 2762 760 2799 factis
777 2762 943 2798 adversus
958 2761 1084 2797 ducem
1105 2763 1334 2798 Normanniae
1338 2786 1664 2799 ..............
1697 2760 1763 2795 152

355 2869 567 2904 Cum-unum
582 2880 654 2904 xlv.
673 2887 717 2894 --
729 2865 890 2910 Qualiter
908 2864 981 2900 dux
998 2864 1226 2900 Normanniae
1240 2878 1260 2900 a
1276 2864 1496 2913 principibus
1509 2865 1669 2911 Burgun-
