2054 3470
596 526 1216 618 HISTORIARIJM

800 697 855 731 ΒΕ
876 696 1009 731 REBUS

352 836 431 938 A
525 830 1226 937 LUDOVICO
1321 829 1458 935 XI

557 1040 1017 1103 FRANCORUM
1066 1042 1258 1102 REGE

421 1211 488 1256 ET
510 1209 613 1256 SUO
633 1209 887 1255 TEMPORE
909 1209 968 1255 IN
992 1208 1194 1255 GALLIA
1213 1206 1399 1254 GESTIS

662 1359 859 1413 LIBER
899 1358 1164 1412 PRIMUS.

596 1610 936 1657 CAPITULUM
967 1609 1218 1656 PRIMUM.

207 1730 380 1774 Qualiter,
404 1737 545 1764 mortuo
579 1737 699 1776 patre,
724 1729 924 1764 Ludovicus
954 1715 1032 1775 ejus⁷
1054 1728 1329 1775 primogenitus,
1357 1728 1465 1764 fretus
1487 1728 1620 1764 auxilio

254 1782 422 1829 Philippi,
435 1781 728 1829 Burgundionum
743 1781 857 1827 ducis,
871 1795 906 1817 se
923 1781 1117 1830 adparabat
1130 1780 1178 1817 ad
1197 1780 1468 1817 nanciscendam
1483 1783 1620 1830 paterni

255 1835 354 1882 regni
371 1835 636 1882 possessionem.

273 1956 459 2000 Mortuo
473 1953 644 2001 Carolo
657 1956 947 2001 Francorum
968 1969 1078 2018 rege
1093 1953 1305 2013 illustri¹,
1331 1953 1618 2014 Ludovicus,

209 2031 309 2094 ejus
341 2030 466 2078 filius
501 2031 876 2095 primogenitus,
918 2031 967 2076 in
999 2047 1149 2094 regno
1179 2031 1404 2078 successit
1427 2067 1438 2088 ‚
1476 2030 1624 2078 haeres

209 2107 404 2171 quidem
425 2117 657 2155 terrarum
685 2117 730 2154 et
762 2108 1055 2172 patrimonii,
1086 2107 1168 2156 sed
1193 2124 1358 2155 exsors
1384 2107 1526 2170 longe
1550 2107 1624 2154 ni-

211 2185 361 2232 mium
395 2184 558 2249 (proh
595 2183 775 2247 dolor)
812 2194 859 2231 et
895 2185 1078 2231 alienus
1114 2202 1143 2232 a
1176 2184 1459 2249 prudentia,
1496 2184 1621 2244 fide,

207 2261 381 2326 justitia
414 2262 687 2326 caeterisque
719 2262 928 2327 paternis
964 2262 1220 2309 virtutibus
1253 2281 1263 2309 ε
1304 2262 1434 2309 unde
1451 2298 1482 2325 ‚x
1514 2279 1626 2310 cum

214 2339 274 2388 ad
306 2340 611 2388 scribendum
645 2357 721 2388 res
752 2357 838 2405 per
877 2357 989 2388 eum
1021 2350 1172 2404 gestas
1203 2340 1431 2387 accedere
1449 2376 1461 2397 ,
1492 2340 1626 2403 juxta

214 2416 601 2481 pollicitationem
624 2427 856 2478 nostram,
879 2417 1124 2478 vellemus,
1151 2416 1284 2465 dubii
1304 2418 1628 2482 ancipitesque

214 2492 348 2540 valde
371 2493 542 2541 fuimus
567 2494 680 2541 idne
702 2495 894 2556 exsequi
915 2494 1282 2557 aggrederemur
1296 2530 1311 2553 ,
1336 2495 1410 2541 vel
1436 2495 1624 2558 potius,

217 2569 335 2633 stylo
355 2571 632 2635 calamoque
657 2571 794 2618 serias
817 2570 1102 2631 indicentes,
1130 2587 1158 2618 a
1183 2571 1357 2618 nostris
1379 2572 1629 2636 proposito

219 2655 266 2692 et
286 2647 620 2712 pollicitatione
643 2649 949 2696 resiliremus.
972 2649 1268 2696 Verebamur
1289 2665 1463 2713 nempe
1485 2665 1564 2710 ne,
1591 2648 1630 2694 si

221 2723 320 2787 ejus
339 2723 541 2788 plurima
564 2725 709 2787 vafre,
734 2726 920 2786 callide,
948 2726 1146 2791 perfide,
1181 2726 1339 2786 stulte,
1366 2726 1632 2791 perniciose

276 2863 314 2901 1.
345 2862 395 2898 22
416 2862 539 2910 juillet
560 2865 679 2903 1461.

433 2946 468 2970 11
1396 2934 1414 2968 1
