2054 3470
402 356 478 393 294
761 359 1103 397 HISTORIARUM
1130 362 1364 400 LUDOVICI
1391 365 1448 400 XI

465 447 682 503 Quorum
705 463 816 493 cum
833 463 943 511 pars
964 447 1118 510 major
1139 459 1285 496 noctu
1309 451 1583 513 introiisset,
1606 462 1652 500 et
1672 469 1727 500 ex
1749 470 1806 502 ea

401 531 534 586 parte
562 538 657 585 qua
691 523 855 571 civitas
887 524 1080 571 minime
1105 525 1353 573 obsidione
1386 528 1671 590 arctabatur,
1699 540 1806 577 tan-

398 608 496 645 tam
529 598 640 646 illuc
679 616 876 646 manum
907 601 1190 649 confluxisse
1224 604 1582 666 Burgundiones
1611 607 1803 670 ignora-

398 675 541 737 bant;
571 687 618 723 et
638 678 953 724 existimantes
979 694 1029 725 se
1051 695 1190 743 posse
1211 680 1390 727 viribus
1412 691 1458 728 et
1475 683 1617 729 armis
1637 683 1802 730 urbem

398 754 661 818 irrumpere
678 764 726 801 et
748 754 978 812 obtinere,
1005 755 1166 803 denuo
1190 756 1251 803 ad
1270 758 1497 805 insultum
1513 769 1679 806 contra
1695 775 1801 808 eam

398 830 611 877 dandum
631 840 677 877 et
700 848 806 877 eam
827 833 874 878 vi
886 832 1250 895 ingrediendum
1267 844 1410 899 atque
1429 836 1799 900 expugnandum

399 917 626 954 conatum
642 907 869 954 fecerunt.
889 910 974 955 Cui
991 910 1256 957 insistentes
1271 912 1421 976 operi,
1442 911 1558 958 dum
1573 915 1804 978 superatis

398 983 522 1030 vallo
544 999 598 1030 ac
621 983 877 1044 moenibuS,
915 984 1119 1032 liberum
1151 997 1293 1050 atque
1326 987 1599 1052 expeditum
1632 989 1721 1037 sibi
1753 991 1802 1038 in

399 1076 504 1107 eam
524 1059 705 1107 aditum
730 1071 977 1125 putarent,
1009 1063 1058 1109 in
1083 1063 1322 1128 expeditas
1345 1065 1559 1128 equitum
1581 1066 1802 1114 adversa-

400 1137 582 1183 riorum
617 1138 740 1184 acies
775 1138 1100 1199 incurrerunt,
1126 1140 1209 1203 qui
1238 1157 1404 1187 eorum
1434 1142 1804 1206 opperiebantur

400 1230 510 1260 cum
534 1229 708 1276 magno
734 1214 940 1276 silentio,
966 1216 1112 1262 veluti
1135 1217 1274 1263 otiosi
1296 1227 1342 1263 et
1365 1218 1600 1278 feriantes,
1630 1220 1804 1284 ingres-

402 1308 524 1337 sum.
555 1294 646 1337 Eos
673 1301 830 1339 autem
853 1309 963 1339 cum
978 1295 989 1317 ¹
1003 1293 1222 1341 districtis
1243 1295 1554 1343 mucronibus
1572 1306 1618 1343 et
1641 1297 1804 1360 gladiis

400 1370 670 1433 caeterisque
699 1385 945 1417 armorum
965 1371 1288 1419 instrumentis
1309 1373 1610 1470 excipientes,
1630 1374 1804 1422 multos

400 1462 457 1492 ex
480 1446 593 1511 ipsis
614 1449 956 1511 peremerunst

468 1528 616 1572 Porro
650 1542 762 1572 cum
796 1526 939 1572 talem
966 1526 1206 1573 sociorum
1238 1543 1434 1573 suorum
1468 1527 1702 1575 infelicem
1724 1545 1804 1576 ca-

400 1620 504 1650 sum
528 1612 672 1666 atque
697 1603 888 1649 exitium
923 1604 1078 1650 caeteri
1110 1603 1352 1663 viderent,
1394 1605 1476 1668 qui
1500 1605 1718 1652 nondum
1752 1606 1802 1653 in

400 1680 510 1726 talia
532 1688 814 1726 venatorum
837 1680 954 1727 retia
976 1680 1268 1739 inciderant,
1315 1692 1442 1728 retro
1476 1682 1648 1746 pedem
1683 1684 1802 1731 refe-

399 1766 573 1817 rentes,
598 1757 856 1803 consimilis
878 1757 1125 1804 infortunii
1146 1773 1204 1804 eo
1234 1758 1379 1805 modo
1406 1759 1667 1823 periculum
1693 1775 1801 1807 eva-

398 1844 577 1892 serunt,
606 1844 654 1881 et
685 1835 747 1882 ad
781 1845 960 1894 castra,
1002 1836 1137 1899 signo
1172 1837 1383 1900 receptui
1414 1836 1556 1894 dat0,
1594 1853 1694 1883 sese
1726 1854 1799 1884 re-

395 1921 655 1958 traxerunt.
698 1914 914 1969 Quantus
949 1929 1063 1959 vero
1105 1912 1244 1959 fuerit
1276 1929 1504 1959 caesorum
1543 1929 1795 1975 numerus,

395 1989 479 2052 qui
503 1989 775 2052 introgressi
808 1989 857 2035 in
878 1989 1090 2035 hostium
1110 2005 1276 2035 manus
1305 1989 1544 2035 irruerunt
1561 2025 1572 2047 ‚
1599 1999 1695 2037 tam
1716 1990 1800 2037 dif-

394 2065 599 2111 ferenter
634 2074 681 2111 et
713 2064 1061 2123 diversimode,
1101 2073 1202 2110 tum
1239 2064 1300 2112 ab
1330 2065 1404 2111 his
1434 2066 1517 2129 qui
1549 2066 1599 2111 in
1634 2068 1797 2114 castris

394 2141 528 2188 ducis
551 2141 943 2204 Burgundionum
971 2143 1149 2199 erant³,
1175 2142 1483 2199 referebatur,
1516 2143 1666 2208 quod,
1693 2146 1798 2208 qui-

389 2217 482 2264 bus
498 2217 853 2264 assentiendum
869 2217 1027 2282 potius
1049 2218 1186 2277 foret,
1208 2219 1366 2266 nullus
1384 2219 1480 2266 fere
1498 2230 1622 2268 certa
1640 2220 1796 2286 aliqua

389 2294 665 2357 conjectura
694 2293 910 2340 arbitrari
934 2296 1165 2359 potuerit*
1199 2296 1261 2343 ad
1284 2300 1450 2342 verum
1478 2314 1487 2342 ε
1516 2313 1627 2343 cum
1661 2308 1708 2345 et
1744 2298 1793 2344 hi

390 2386 645 2418 numerum
682 2388 937 2435 magnum,
979 2382 1026 2418 et
1051 2372 1126 2419 alii
1166 2390 1366 2438 parvum
1402 2383 1543 2438 atque
1571 2374 1793 2437 exiguum

387 2448 527 2496 fuisse
555 2449 772 2513 jactitent
806 2458 852 2495 et
885 2449 1193 2497 contendant.
1232 2450 1355 2497 Nulli
1396 2460 1553 2498 tamen
1589 2451 1790 2499 dubium

440 2610 477 2647 1.
507 2609 606 2644 Dum
626 2606 722 2644 dans
739 2606 776 2644 le
794 2619 865 2645 ms.

437 2667 476 2706 2.
508 2667 532 2704 9
554 2665 680 2714 juillet
695 2667 813 2703 1472.

438 2729 475 2764 3.
506 2727 610 2764 Pour
627 2725 837 2777 completer
854 2726 893 2764 la
910 2726 1048 2777 phrase
1067 2734 1104 2764 et
1117 2726 1281 2773 J'ustifier
1298 2739 1342 2764 ce
1361 2727 1426 2777 qui
1445 2728 1536 2775 suit,
1555 2727 1581 2765 il
1601 2728 1682 2765 faut
1699 2740 1792 2778 sup-

382 2785 490 2836 pleer
507 2798 559 2823 un
575 2784 747 2823 membre
766 2785 876 2829 omis,
897 2797 1045 2824 comme
1067 2795 1143 2823 tum
1159 2784 1207 2822 ab
1229 2799 1353 2823 eorum
1373 2789 1609 2825 adversariis.

435 2846 472 2882 4.
506 2846 711 2883 Potuerunt
727 2844 821 2883 dans
840 2844 876 2882 le
894 2858 963 2882 ms.
