2054 3470
389 355 464 392 304
748 357 1088 395 HISTORIARUM
1115 359 1351 398 LUDOVICI
1378 362 1434 398 XI

386 443 487 489 viro
506 442 638 492 bono
660 454 707 492 et
722 445 850 508 justo
871 447 974 495 sine
993 448 1310 495 exsecratione
1327 447 1479 495 audiri
1493 458 1663 513 potest.
1683 452 1795 498 Non

384 520 514 567 enim
533 522 641 568 satis
667 531 738 569 est
771 523 904 587 quod
926 523 1109 572 bonum
1131 524 1406 590 justumque
1433 535 1503 572 est
1530 529 1717 590 operari
1743 538 1792 574 et

382 599 632 662 prosequi,
658 599 748 645 nisi
767 600 904 663 justis
937 601 1078 648 etiam
1102 601 1294 661 mediis,
1320 611 1367 649 et
1390 619 1495 666 quoe
1525 602 1698 651 scelere
1718 615 1789 651 at-

381 691 476 738 que
498 676 791 740 turpitudine
813 689 1003 738 vacent,
1025 678 1076 725 id
1097 679 1252 743 ipsum
1273 689 1585 744 prosequatur
1604 699 1615 727 :
1639 682 1707 728 uti
1729 681 1791 729 de

382 751 476 798 hoc
515 754 733 800 omnium
773 764 844 801 est
884 755 1165 819 sapientium
1203 765 1346 820 atque
1391 756 1788 822 philosophorum

381 830 620 876 unanimis
655 840 703 877 et
739 847 941 878 concors
975 833 1228 891 sententia,
1263 833 1502 897 Scriptura
1538 835 1679 881 etiam
1714 834 1788 880 di-

379 915 516 953 cente
540 923 551 950 :
579 926 601 949 α
625 906 769 964 Quod
785 907 966 970 justum
995 918 1088 967 est,
1108 909 1231 972 juste
1252 910 1534 974 exsequeris.
1562 928 1588 954 »

867 1128 1219 1174 CAplTULUM'
1238 1129 1318 1175 lv.

378 1260 572 1303 Quomodo
593 1270 626 1296 et
643 1274 685 1296 ex
700 1262 828 1308 quibus
845 1263 957 1298 causis
980 1261 1155 1310 oppidum
1170 1262 1422 1310 Perpinianum
1436 1275 1456 1298 a
1471 1275 1553 1311 rege
1569 1263 1783 1299 Francorum

641 1314 769 1350 defecit
783 1324 818 1350 et
833 1328 905 1351 sese
922 1324 1049 1364 sponte
1066 1316 1141 1364 regi
1158 1315 1342 1363 Aragoniae
1356 1314 1516 1353 tradidit.

441 1431 674 1496 Expedito
719 1449 832 1480 vero
853 1470 865 1493 ,
905 1451 1004 1497 quo
1046 1432 1346 1498 praediximus
1382 1432 1531 1480 modo
1552 1469 1565 1491 ,
1608 1435 1783 1480 comite

375 1510 629 1557 Arminiaci
666 1511 782 1574 (qui
819 1510 965 1559 filiam
1002 1511 1188 1558 comitis
1224 1510 1284 1558 de
1331 1513 1457 1557 Fuxo
1491 1509 1698 1558 habebat
1733 1511 1780 1558 in

375 1603 575 1634 uxorem
595 1625 607 1649 ,
634 1588 824 1635 alterius
851 1605 1064 1636 sororem
1083 1625 1095 1648 ,
1132 1605 1237 1653 quae
1258 1587 1369 1635 duci
1405 1587 1653 1634 Britanniae
1682 1597 1782 1635 erat

373 1664 594 1728 nupta¹),
621 1665 791 1712 direxit
813 1682 893 1712 rex
924 1666 1087 1731 copias
1115 1682 1241 1723 suas,
1270 1681 1389 1729 quas
1419 1675 1586 1712 contra
1614 1665 1779 1730 praefa-

372 1751 475 1788 tum
505 1742 757 1789 Arminiaci
781 1744 1104 1791 transmiserat
1136 1743 1361 1789 comitem
1380 1776 1393 1798 ,
1424 1742 1473 1788 in
1498 1742 1777 1789 comitatum

373 1817 668 1879 Rossilionis‚
694 1818 917 1865 adversus
941 1836 1100 1883 regem
1121 1823 1410 1882 Aragonum,
1436 1817 1498 1864 ad
1517 1834 1661 1880 quem
1688 1834 1776 1882 op-

370 1893 541 1957 pidum
574 1894 690 1941 illud
715 1896 898 1959 insigne
930 1896 1294 1961 Perpinianum,
1330 1893 1622 1958 praecipuum
1652 1893 1775 1957 ejus-

370 1969 482 2017 dem
510 1972 762 2018 comitatus
778 2008 790 2030 ,
819 1972 1023 2019 factione
1041 1971 1364 2036 quorumdam
1385 1969 1621 2016 nobilium
1645 1979 1778 2016 terrae

368 2045 514 2110 paulo
536 2057 646 2094 ante
663 2047 922 2107 defecerat,
950 2058 997 2094 et
1012 2084 1024 2108 ,
1050 2048 1194 2094 veluti
1216 2046 1427 2111 quodam
1448 2046 1742 2110 postliminio
1758 2083 1771 2108 ,

369 2122 432 2169 ad
454 2124 668 2171 naturale
691 2134 824 2171 terrae
845 2124 1114 2171 dominium
1136 2123 1355 2171 redierat.

436 2203 702 2250 Barcinona
725 2204 926 2268 quippe,
959 2221 1063 2268 quae
1093 2221 1177 2268 per
1213 2220 1366 2251 annos
1399 2203 1559 2269 plures
1590 2204 1776 2252 rebellis

369 2288 416 2325 et
457 2278 740 2327 inobediens
779 2280 1013 2338 Johanni,
1045 2282 1143 2344 regi
1184 2284 1456 2344 Aragonum
1489 2291 1536 2328 et
1570 2298 1657 2328 suo
1687 2281 1777 2328 fra·

369 2355 429 2401 tri
463 2355 707 2420 Alphonso
726 2394 738 2416 ,
779 2358 919 2404 etiam
953 2358 1067 2404 olim
1097 2359 1196 2421 regi
1224 2362 1494 2421 Aragonum
1531 2367 1578 2405 et
1599 2357 1776 2405 -Siciliae

371 2442 467 2479 tam
491 2433 614 2480 ultra
633 2451 778 2498 quam
798 2436 914 2481 citra
934 2434 1140 2482 Pharum
1154 2473 1166 2496 ,
1192 2436 1451 2495 exstiterat,
1475 2444 1521 2482 et
1543 2434 1604 2481 ad
1620 2444 1775 2482 tutan-

369 2509 486 2556 dum
526 2527 577 2556 se
613 2520 659 2556 et
692 2512 1042 2575 protegendum
1078 2521 1245 2559 contra
1277 2512 1398 2558 vires
1431 2521 1478 2558 et
1514 2513 1775 2575 potentiam

369 2585 583 2649 ejusdem
608 2587 729 2651 regis
757 2588 829 2634 sui
866 2605 914 2635 se
936 2588 1182 2635 dediderat
1212 2588 1311 2651 regi
1334 2587 1500 2634 Siciliae
1529 2589 1712 2635 Renato
1727 2589 1770 2649 ¹,

422 2728 461 2763 1.
479 2728 627 2764 Jeanne
650 2734 688 2764 et
704 2726 936 2778 Marguerite
950 2726 998 2764 de
1019 2726 1127 2774 Foix,
1150 2726 1313 2764 mariees
1330 2725 1435 2766 l’une
1454 2740 1504 2764 au
1519 2735 1644 2764 comte
1660 2725 1772 2764 d’Ar—

368 2798 530 2837 magnac
543 2794 559 2833 ,“
575 2799 623 2824 en
644 2788 764 2833 1468,
785 2787 923 2825 l'autre
943 2799 993 2824 au
1009 2786 1085 2824 duc
1103 2786 1151 2824 de
1167 2789 1355 2838 Bretagne
1370 2799 1419 2824 en
1439 2788 1535 2824 147¹
1549 2815 1557 2823 .

419 2846 459 2882 2.
489 2847 547 2882 En
567 2846 682 2883 1⁴67.
