2054 3470
769 326 916 363 LIBER
949 325 1167 362 TERTIUS.
1601 327 1678 363 253

267 433 330 463 rae
345 415 562 472 fuissent,
583 412 773 479 pondus
790 411 1044 459 amborum
1064 415 1338 474 regnorum,
1365 415 1570 461 Franciae
1594 416 1681 461 sci-

266 493 374 541 licet
397 501 444 539 et
466 490 663 554 Angliae‚
697 488 977 552 Burgundiae
1000 488 1096 535 dux
1118 489 1348 536 sustinere
1369 506 1469 536 non
1494 492 1677 555 potuis-

267 581 359 631 set;
385 580 432 618 et
458 578 708 635 propterea
737 584 838 614 non
870 568 1030 615 minus
1064 567 1154 614 sibi
1178 585 1323 631 quam
1347 568 1596 626 Edoardo,
1626 580 1679 616 ut

267 649 316 695 in
350 663 548 710 regnum
579 645 751 708 Angliae
784 644 1124 702 restitueretur,
1159 644 1273 691 utile
1307 645 1575 709 reputabat.
1608 648 1678 692 De

269 733 469 788 utroque
498 722 640 786 igitur
667 720 1080 786 providentissime
1102 722 1348 785 cogitavit,
1377 731 1424 768 et
1456 721 1516 768 de
1545 721 1677 768 colli-

267 799 422 864 gendo
465 799 748 856 exercitum,
793 814 889 861 quo
927 813 976 844 se
1016 797 1240 844 adversus
1283 798 1516 862 impetum
1556 798 1678 861 regis

266 880 555 924 Francorum
574 884 823 933 tutaretur,
854 884 901 922 et
931 874 991 929 de
1019 875 1216 922 ferendo
1238 876 1411 923 auxilia
1432 875 1673 936 Edoardo,

265 952 436 1017 quibus
456 953 661 1017 adjutus,
683 952 744 999 ad
767 951 1142 1016 aggrediendum
1160 952 1321 999 denuo
1343 969 1558 1016 regnum,
1577 969 1676 1017 quo

263 1029 450 1096 penitus
483 1040 649 1078 exutus
683 1039 826 1094 atque
856 1028 1083 1093 depulsus
1115 1029 1265 1078 fuerat
1284 1067 1296 1090 ‚
1330 1031 1451 1077 vires
1485 1046 1678 1078 ausum-

264 1122 358 1170 que
380 1108 630 1173 acciperet.

329 1189 387 1234 Et
418 1187 616 1234 collecto
647 1186 843 1251 quidem
876 1186 925 1232 in
959 1196 1091 1251 parte
1125 1187 1364 1246 exercitu,
1397 1197 1548 1234 castra
1579 1188 1679 1253 ipse

265 1264 658 1327 Burgundionum
690 1264 787 1311 dux
818 1273 949 1311 extra
982 1263 1298 1324 Atrebatum¹‚
1335 1265 1384 1311 in
1413 1266 1556 1312 vastis
1589 1265 1678 1312 illis

265 1341 626 1406 campestribus,
646 1357 746 1387 non
769 1350 949 1387 remote
973 1340 1033 1387 ab
1053 1340 1172 1388 urbe
1194 1350 1396 1389 metatus
1420 1352 1504 1402 est,
1531 1341 1679 1407 figens

267 1417 333 1464 ibi
363 1428 504 1482 atque
529 1418 788 1467 extendens
809 1417 1074 1482 papiliones
1106 1428 1153 1465 et
1175 1419 1379 1466 tentoria
1402 1435 1488 1467 sua
1502 1455 1514 1479 ,
1537 1429 1590 1466 ut
1618 1420 1679 1469 ad

266 1495 577 1542 constitutum
598 1495 725 1542 diem
747 1495 955 1558 reliquos
976 1495 1291 1559 opperiretur,
1319 1511 1440 1558 quos
1467 1512 1577 1545 cum
1604 1513 1679 1544 ar-

267 1571 358 1618 mis
381 1581 428 1619 et
451 1572 583 1636 equis
601 1572 662 1618 ad
682 1571 967 1635 obsequium
984 1588 1125 1619 suum
1155 1571 1319 1619 adesse
1350 1572 1673 1621 mandaverat.

189 1640 193 1644 ’
267 1649 361 1706 Qui
394 1666 503 1696 cum
538 1651 742 1697 venisset
778 1649 906 1708 dies,
952 1650 1322 1715 expeditumque
1366 1661 1411 1698 et
1457 1661 1679 1716 paratum

266 1727 527 1792 collegisset
560 1729 820 1775 maximum
854 1728 1112 1774 exercitum
1130 1765 1142 1788 ‚
1184 1729 1327 1775 motis
1375 1730 1538 1776 castris
1557 1767 1584 1788 ‚.
1618 1733 1679 1778 ad

268 1805 640 1868 expugnandum
682 1814 889 1852 castrum
926 1804 986 1850 de
1021 1806 1276 1869 Piqaegm'‚
1316 1821 1460 1870 supra
1499 1806 1677 1854 flumen

265 1880 554 1942 Summonae,
569 1882 778 1928 accessit.
800 1880 1069 1928 Pertinebat
1093 1882 1221 1929 enim
1242 1882 1548 1930 vicedomino
1572 1887 1678 1930 Am-

259 1954 520 2016 ¹bianensiss,
549 1957 631 2021 qui
653 1957 702 2003 in
726 1956 898 2003 eodem
920 1966 1074 2003 castro
1095 1956 1299 2003 militum
1316 1957 1556 2020 regiorum
1579 1975 1680 2006 mu-

266 2034 496 2082 nitionem
530 2035 798 2082 advocarat.
831 2037 1009 2082 Dantes
1043 2035 1185 2097 igitur
1220 2035 1280 2082 ad
1310 2035 1436 2082 istud
1472 2047 1679 2084 castrum

267 2110 490 2158 insultum
519 2110 917 2174 Burgundiones³‚
957 2111 1075 2157 illud
1107 2112 1290 2175 magnis
1327 2112 1536 2171 viribus,
1572 2114 1681 2161 licet

267 2188 349 2252 qui
369 2189 496 2235 intus
525 2198 659 2235 erant
688 2188 870 2235 sortiter
904 2189 1200 2247 resisterent,
1237 2201 1597 2255 expugnarunt,
1634 2202 1680 2239 et

269 2266 395 2312 caesis
416 2265 491 2312 vel
517 2266 762 2330 captivatis
788 2264 1010 2312 omnibus
1038 2267 1120 2330 qui
1143 2268 1270 2313 intus
1298 2278 1449 2329 erant,
1471 2268 1681 2334 direptis-

269 2358 360 2405 que
379 2341 520 2388 bonis
535 2378 548 2401 ,
575 2342 692 2389 illud
716 2342 916 2388 flammis
939 2343 1191 2390 voracibus
1209 2344 1508 2392 tradiderunt
1535 2363 1544 2391 :
1575 2346 1678 2409 qui-

270 2416 356 2465 bus
374 2419 424 2464 in
447 2418 625 2466 favillas
648 2427 696 2465 et
716 2418 896 2465 cineres
918 2418 1165 2466 redactum
1189 2419 1292 2468 fuit.

325 2572 362 2607 1.
393 2572 453 2608 Au
479 2571 619 2624 village
647 2571 695 2610 de
716 2571 871 2622 Wailly.
902 2574 953 2610 Ce
978 2582 1220 2623 campement
1243 2575 1407 2626 precede
1435 2576 1489 2614 les
1516 2588 1680 2613 mouve-

271 2637 393 2666 ments
410 2637 548 2667 autour
566 2630 822 2678 d'Abbeville,
844 2630 938 2668 dont
954 2631 1119 2669 l'auteur
1134 2644 1157 2669 a
1172 2633 1280 2684 parle
1300 2634 1386 2685 plus
1403 2635 1509 2673 haut.
1533 2637 1586 2672 Le
1607 2634 1681 2671 duc

272 2687 392 2738 quitta
408 2688 548 2738 Wailly
568 2689 604 2727 le
625 2692 674 2727 13
694 2690 835 2728 fevrier
853 2693 973 2729 1471.

324 2749 363 2785 2.
394 2749 448 2784 Le
465 2747 617 2785 vidame
636 2748 846 2796 d'Amiens,
866 2752 961 2787 Jean
980 2749 1114 2801 d’Arly
1133 2750 1318 2801 (d’Ailly).

325 2809 363 2846 3.
394 2809 447 2845 Le
466 2808 516 2844 24
536 2807 678 2845 sevrier
697 2810 813 2846 1471.
