2054 3470
388 348 464 384 346
700 348 704 351 '
750 343 1087 382 HISTORIARUM
1114 342 1349 380 LUDOVICI
1374 343 1431 380 XI

386 436 638 483 viciniores
669 433 872 497 graviter
911 430 1196 478 infestabant
1215 469 1227 492 ‚
1269 430 1500 478 incendiis
1536 442 1585 478 et
1613 432 1791 497 rapinis

387 524 558 562 cuncta
576 529 680 577 quae
701 519 925 577 poterant
942 509 1251 557 devastantes.

450 590 544 638 Sed
571 599 619 638 et
638 591 781 652 longe
802 589 979 635 caeteris
999 586 1214 634 cladibus
1238 586 1426 650 gravius
1445 587 1489 634 ei
1511 586 1791 635 imminebat

386 668 617 717 exercitus
655 667 811 730 regius
841 680 1016 728 rexque
1050 664 1150 728 ipse
1188 667 1479 710 Francorum
1493 701 1506 723 ‚
1547 665 1631 728 qui
1671 681 1789 712 con-

386 746 544 793 tractis
568 744 784 792 maximis
817 742 984 806 copiis,
1009 750 1107 787 tam
1132 741 1347 805 equitum
1373 757 1517 805 quam
1550 740 1785 805 peditum,

385 832 532 870 terras
569 820 795 869 Picardiae
829 829 876 866 et
906 817 1170 865 Hannoniae
1198 818 1468 880 gravissime
1492 817 1787 881 affligebant,

386 898 617 948 incendiis
636 896 882 958 „caedibus
906 905 954 943 et
979 895 1156 959 rapinis
1177 904 1351 941 cuncta
1380 896 1688 959 complentes.
1716 899 1793 943 ln-

385 985 630 1023 cursantes
659 975 837 1039 quippe
863 988 919 1019 ex
948 970 1191 1017 Ambianis
1223 979 1271 1017 et
1301 970 1500 1019 Belvaco
1523 988 1663 1034 agros
1685 971 1792 1020 illos

384 1053 671 1099 vastissimos
694 1050 882 1098 Artesioe
905 1058 952 1096 et
973 1049 1226 1095 comitatus
1244 1048 1472 1107 Pontivi¹‚
1499 1057 1669 1096 cuncta
1688 1065 1793 1096 vas-

385 1126 533 1174 tando
557 1125 790 1174 incendiis
813 1135 861 1171 et
887 1123 1058 1188 praedis
1079 1121 1352 1186 diripiendo
1374 1122 1436 1169 ad
1459 1131 1622 1186 portas
1642 1139 1792 1188 usque

385 1203 624 1261 Atrebati,
663 1214 711 1251 et
732 1203 879 1250 altera
917 1201 1021 1247 vice
1054 1216 1206 1264 usque
1246 1199 1309 1246 ad
1341 1209 1503 1263 portas
1535 1200 1704 1265 oppidi
1732 1200 1793 1249 de

386 1280 591 1329 Hesdmc
612 1289 921 1347 penetrarunt
944 1287 990 1325 et
1013 1279 1326 1325 devenerunt.

450 1359 587 1424 Apud
622 1357 902 1405 Atrebatum
935 1365 1095 1403 autem
1127 1363 1354 1420 posuerat
1384 1354 1480 1401 dux
1511 1327 1795 1418 Burgundiae

384 1436 634 1483 dominum
658 1435 891 1483 Jacobum
921 1436 951 1493 ²,
990 1434 1180 1480 fratrem
1211 1432 1397 1479 comitis
1432 1433 1618 1480 Sancti·
1629 1433 1790 1494 Pauli,

383 1513 722 1560 constabularii
744 1516 777 1558 F
779 1512 948 1559 ranciae
966 1550 979 1568 ,
1008 1520 1055 1557 et
1075 1510 1301 1557 comitem
1323 1509 1384 1556 de
1410 1512 1654 1569 Romont⁸,
1683 1510 1795 1558 alte-

384 1605 491 1636 rum
520 1606 577 1637 ex
600 1588 895 1654 principibus
925 1587 1161 1651 germanis
1195 1586 1442 1634 Sabaudiae
1474 1585 1610 1633 ducis
1628 1621 1642 1645 ,
1682 1603 1794 1634 cum

384 1676 514 1713 certo
531 1667 737 1714 militum
751 1665 970 1732 praesidio
990 1665 1202 1728 equitum
1223 1679 1278 1710 ac
1299 1662 1512 1728 peditum
1529 1699 1543 1723 ‚
1563 1664 1664 1727 qui,
1683 1681 1793 1712 cum

384 1746 598 1808 quodam
620 1745 696 1792 die
711 1782 723 1806 ‚
750 1761 778 1791 a
800 1743 981 1791 civibus
1002 1752 1048 1789 et
1070 1741 1252 1806 populo
1277 1741 1407 1788 urbis
1438 1741 1675 1806 compulsi
1693 1775 1706 1798 ,
1730 1741 1792 1788 ad

383 1825 694 1874 debellandos
714 1825 876 1872 hostes
898 1824 1120 1871 exiissent
1148 1818 1260 1868 cum
1282 1822 1424 1868 armis
1445 1830 1608 1886 portas
1628 1821 1792 1868 civita-

382 1914 453 1951 tes
469 1940 481 1963 ,
506 1903 702 1966 contigit
723 1940 734 1961 ‚
766 1912 878 1949 cum
910 1898 1178 1964 improvide
1208 1908 1255 1944 et
1280 1898 1440 1944 minus
1469 1897 1606 1944 caut'e
1630 1897 1791 1944 hostes

382 1990 782 2046 prosequerentur
798 2017 811 2041 ‚
863 1987 916 2025 ut
962 1976 1144 2023 insidiis
1192 1975 1406 2022 hostium
1446 1974 1787 2035 circumventi,

383 2057 540 2122 plures
570 2067 669 2104 tam
700 2073 757 2103 ex
780 2052 1017 2118 equitibus
1035 2087 1048 2111 ‚
1087 2066 1233 2115 quam
1257 2049 1498 2114 peditibus
1526 2059 1574 2096 et
1593 2050 1791 2115 plebeiis

382 2135 582 2182 civitatis
620 2135 730 2181 satis
773 2131 1044 2179 immaniter
1082 2127 1434 2176 trucidarentur
1450 2166 1463 2186 ‚
1509 2138 1557 2175 et
1595 2129 1790 2193 plurimi

381 2212 554 2276 captivi
584 2210 919 2266 ducerentur‘‚
950 2208 1072 2254 inter
1093 2222 1215 2270 quos
1243 2215 1291 2252 et
1319 2205 1538 2270 praefatus
1566 2205 1790 2253 dominus

380 2287 584 2335 Jacobus
605 2287 666 2334 de
688 2284 1033 2333 Sancto-Paulo
1056 2292 1222 2347 captus
1245 2282 1331 2328 fuit
1347 2319 1359 2343 ,
1385 2291 1432 2328 et
1449 2282 1512 2329 ad
1528 2298 1687 2345 regem
1704 2282 1788 2328 ad-

381 2366 575 2425 ductus,
601 2380 741 2428 aquo
766 2362 922 2409 adhuc
940 2360 1086 2408 hodie
1107 2368 1435 2407 coasservatur
1449 2361 1478 2405 ⁵.

433 2541 523 2578 1.«
544 2541 615 2576 Les
635 2548 864 2588 campagnes
883 2534 931 2572 de
948 2534 972 2571 Ρ
976 2532 1103 2571 Artois
1122 2540 1160 2570 et
1177 2530 1230 2569 du
1248 2530 1493 2568 Pontliieu.»

429 2601 465 2639 2.
499 2602 661 2649 Jacques
680 2597 727 2634 de
750 2594 1040 2644 Luxembourg‚
1064 2592 1245 2644 seigneur
1264 2590 1312 2628 de
1328 2589 1587 2641 Richebourg.

430 2661 467 2697 3.
497 2661 660 2708 Jacques
679 2655 727 2694 de
746 2654 899 2703 Savoie,
919 2661 1043 2691 comte
1061 2651 1110 2689 de
1127 2653 1294 2689 Romont
1312 2649 1407 2688 dans
1426 2649 1462 2687 le
1483 2661 1579 2700 pays
1596 2648 1646 2688 de
1660 2650 1782 2687 Vaux.

431 2721 470 2756 4.
500 2721 554 2757 Le
581 2719 630 2755 27
656 2716 741 2766 juin
767 2717 885 2753 1475.

432 2781 470 2818 5.
501 2781 650 2817 Preuve
665 2790 740 2828 que
759 2775 837 2814 ceci
853 2788 876 2813 a
891 2775 950 2813 ete
965 2773 1060 2812 ecrit
1075 2786 1152 2824 peu
1168 2785 1280 2824 apres
1294 2770 1318 2807 l
1323 2770 1564 2818 evenement‚
1582 2782 1663 2818 car,
1680 2768 1786 2807 selon

381 2838 595 2876 Commines
607 2867 617 2885 ,
639 2836 678 2874 la
698 2836 829 2887 prison
847 2834 894 2872 de
917 2847 959 2872 ce
979 2833 1159 2885 seigneur
1177 2833 1235 2870 fut
1249 2830 1298 2868 de
1317 2838 1449 2868 courte
1464 2829 1598 2867 duree.
