2054 3470
706 334 854 370 mmm
881 331 1111 379 QUINTUS.
1543 333 1618 369 369

212 419 319 466 stris
339 429 387 466 et
410 421 546 466 terris
568 420 781 484 optimis,
812 435 930 483 quas
952 418 1043 465 sibi
1065 418 1270 482 oppido¹
1294 419 1471 465 vicinas
1495 419 1622 466 idem

214 514 376 544 comes
397 497 709 544 Sancti-Pauli
733 507 973 555 tenuerat3
1000 497 1049 543 in
1084 494 1258 560 quibus
1290 496 1430 542 etiam
1463 497 1627 543 castris

215 574 337 621 illius
361 575 545 621 comitis
567 583 700 621 erant
723 573 958 634 thesauri,
985 574 1069 637 qui
1102 573 1383 639 permaximi
1410 572 1628 620 fereban-

215 661 317 709 tur;
344 668 456 699 nam
487 668 646 698 comes
669 652 769 716 ipse
801 650 1083 700 insatiabilis
1111 667 1298 716 semper
1332 650 1486 697 fuerat
1514 667 1626 698 ava·

216 730 330 777 ritiae
359 731 466 794 igne
488 739 836 788 succensus‚et
856 728 1170 776 verisimiliter
1201 729 1265 775 ita
1294 744 1396 775 esse
1428 727 1629 779 abom-

218 805 356 853 nibus
399 806 669 871 putabatur.
721 808 853 863 Quos
900 805 1145 854 thesauros
1197 805 1293 852 dux
1348 815 1631 852 consecutus

217 883 450 930 asseritur.

280 959 371 1006 Sed
397 975 595 1024 parvum
618 959 713 1006 hoc
732 958 900 1024 procul
934 958 1083 1005 dubio
1122 958 1230 1018 fuit,
1270 959 1462 1006 alterius
1498 975 1631 1006 com·

216 1036 464 1101 paratione
484 1074 497 1097 ‚
543 1036 591 1082 in
638 1053 734 1100 quo
774 1053 854 1083 rex
894 1036 1027 1083 ducis
1068 1035 1356 1083 desiderium
1400 1036 1633 1102 adimple·-

217 1112 298 1159 vit.

283 1190 527 1238 Defecerat
550 1190 610 1237 ab
632 1207 712 1251 eo,
743 1191 809 1237 uti
831 1200 941 1237 ante
964 1190 1192 1251 diximuS,
1215 1207 1323 1237 cum
1350 1200 1501 1238 castra
1524 1202 1634 1238 ante

222 1269 434 1316 Nussiam
463 1269 661 1316 haberet
675 1268 859 1327 adhuc,
883 1278 930 1315 et
945 1268 1006 1315 ad
1023 1269 1145 1332 regis
1167 1272 1457 1316 Francorum
1480 1280 1636 1334 partes

222 1347 491 1406 transierat,
514 1347 672 1393 multis
706 1346 1007 1394 suasionibus
1038 1346 1554 1411 pollicitationibusque
1579 1348 1634 1394 il-

221 1423 390 1482 lectus,
438 1423 751 1487 Lotharingiae
791 1423 887 1470 dux
913 1426 948 1483 ’;
992 1423 1237 1488 multaque
1282 1425 1476 1489 insuper
1522 1424 1634 1472 duci

226 1500 615 1564 Burgundionum
655 1500 702 1546 in
739 1510 863 1547 terra
897 1517 982 1547 sua
1019 1500 1422 1564 Luxemburgensi
1445 1501 1636 1565 suisque

222 1577 424 1624 subditis
457 1576 680 1624 intulerat
712 1577 913 1636 damna,
935 1577 1214 1642 juvantibus
1248 1596 1357 1625 eum
1394 1579 1637 1626 nonnullis

222 1656 512 1700 Francorum
535 1652 739 1700 ducibus
760 1663 901 1717 atque
918 1655 1058 1701 etiam
1083 1654 1370 1718 quibusdam
1394 1655 1637 1702 nobilibus

223 1741 356 1777 terrae
385 1732 641 1778 Barrensis.
683 1731 820 1776 Unde
862 1747 971 1776 cum
1009 1740 1204 1796 propter
1234 1731 1334 1778 haec
1371 1741 1417 1778 et
1448 1743 1636 1798 ruptam

223 1808 393 1869 fldem,
421 1825 565 1872 quam
590 1808 700 1854 duci
723 1818 1018 1856 sacramento
1035 1818 1145 1856 ante
1170 1809 1439 1857 firmaverat
1456 1847 1468 1869 ‚
1496 1812 1634 1859 valde

223 1884 309 1932 sibi
334 1901 503 1932 exosus
529 1885 691 1931 fuisset
717 1885 950 1943 redditus,
977 1902 1004 1932 a
1034 1903 1167 1950 rege,
1193 1887 1318 1933 inter
1339 1887 1430 1934 alia
1455 1888 1630 1946 multa,

221 1972 505 2009 consecutus
524 1971 592 2008 est
609 1972 661 2008 ut
680 1979 808 2022 eum,
822 1963 967 2009 veluti
987 1964 1254 2028 expositum
1271 1964 1458 2028 praedae,
1479 1965 1634 2012 eidem

223 2039 333 2085 duci
369 2038 715 2102 derelinqueret
741 2057 750 2084 :
783 2040 849 2086 sic
879 2040 1009 2103 quod
1028 2077 1041 2100 ,
1064 2041 1103 2086 si
1126 2049 1273 2087 terras
1305 2058 1438 2100 suas,
1468 2042 1638 2090 Lotha-

227 2117 426 2179 ringias⁸
449 2118 623 2164 scilicet
653 2127 701 2164 et
738 2119 1015 2166 comitatum
1038 2118 1633 2177 Validorum-Montium⁴‚

280 2279 319 2317 1.
340 2278 543 2315 Peut-etre
563 2290 628 2313 suo
643 2279 782 2326 oppido
788 2292 803 2322 ;
828 2277 924 2315 mais
938 2277 1032 2315 dans
1045 2287 1130 2317 tous
1146 2278 1202 2316 les
1220 2291 1298 2326 cas,
1313 2291 1391 2329 que
1409 2282 1547 2329 oppido
1568 2281 1641 2318 soit

226 2336 394 2375 adverbe
407 2350 458 2374 ou
476 2335 691 2382 substantif‚
710 2335 875 2374 l’auteur
888 2336 955 2373 fait
971 2337 1135 2376 allusion
1153 2338 1201 2375 ici
1218 2351 1266 2375 au
1284 2338 1445 2377 chateau
1461 2339 1510 2378 de
1524 2343 1636 2388 Ham,

226 2395 420 2433 residence
442 2394 636 2433 ordinaire
662 2394 714 2432 du
739 2394 981 2434 connetable.
1011 2398 1139 2434 L'acte
1161 2395 1396 2434 additionnel
1422 2397 1490 2436 des
1515 2402 1641 2437 treves

226 2454 378 2505 specifie
398 2453 602 2492 l'abandon
622 2453 688 2491 des
708 2453 895 2491 chateaux
917 2462 955 2491 et
973 2462 1091 2492 terres
1108 2455 1155 2492 de
1171 2457 1286 2503 Ham,
1302 2455 1449 2494 Bohain
1469 2466 1506 2495 et
1522 2461 1643 2496 Beau-

228 2513 366 2553 revoir.
386 2514 545 2566 Lenglet
563 2513 800 2564 Dulresnoy,
818 2516 1038 2561 commines,
1058 2523 1086 2556 t.
1107 2518 1178 2559 III,
1203 2529 1243 2566 p.
1269 2518 1362 2554 424.

282 2575 320 2611 2.
352 2572 566 2620 Ci-dessus,
585 2587 625 2624 p.
650 2575 740 2611 343.

283 2636 320 2671 3.
350 2633 381 2670 Il
400 2645 427 2682 y
443 2632 546 2670 avait
570 2632 672 2670 deux
694 2633 897 2671 Lorraines
914 2648 922 2670 :
945 2633 1040 2672 celle
1059 2633 1107 2671 de
1123 2633 1263 2686 langue
1283 2635 1469 2685 srancaise
1486 2644 1523 2672 et
1547 2635 1644 2673 celle

230 2692 277 2730 de
296 2692 436 2743 langue
457 2692 692 2739 allemande3
710 2706 753 2731 ce
782 2694 847 2744 qui
872 2703 964 2745 peut
988 2694 1152 2742 justifier
1166 2696 1451 2746 Lotharingias,
1480 2696 1500 2732 a
1520 2695 1646 2732 moins

230 2750 444 2803 cependant
461 2751 554 2801 qu’il
573 2764 623 2789 ne
643 2751 746 2790 faille
768 2754 1065 2804 Lotharingicas.

283 2813 322 2847 4.
352 2813 406 2848 Le
425 2810 548 2848 comte
574 2809 622 2847 de
642 2810 893 2848 Vaudemont.

446 2896 479 2918 11
1382 2885 1431 2919 24
