2054 3470
343 299 391 336 12
708 299 1050 338 HISTORIARUM
1076 300 1311 339 LUDOVICI
1337 301 1393 338 XI

341 387 457 434 lium
474 388 698 446 oneribus
717 388 958 448 liberatos,
982 388 1029 435 in
1055 389 1298 453 antiquam
1319 388 1596 454 dignitatem
1609 398 1749 454 atque

340 463 607 512 libertatem
627 465 886 513 reduceret.

405 545 463 589 Et
479 542 578 590 liaec
601 543 794 607 quidem
812 559 920 589 cum
939 541 1000 588 ab
1023 558 1080 589 eo
1103 541 1227 589 dicta
1249 543 1426 607 ubique
1447 543 1752 608 praedicaren·

341 627 433 676 tur,
460 620 836 685 quamplurimos
868 621 916 665 in
951 635 1084 683 spem
1122 620 1253 667 facile
1283 620 1582 668 adduxerunt
1618 621 1750 685 quod
1783 682 1786 683 ⁷

341 697 440 761 ipsa
463 697 690 745 libertatis
706 697 982 744 instauratio
999 707 1045 743 et
1055 696 1317 745 sublevatio
1332 714 1356 744 a
1372 698 1571 751 tributis,
1589 715 1751 761 quem-

339 774 602 822 admodum
627 773 937 839 pollicebatur
955 811 966 831 ,
995 775 1223 838 consequi
1253 784 1394 838 atque
1425 774 1635 821 exbiberi
1666 774 1749 822 de-

339 851 523 899 berent.
553 852 679 898 Alios
701 868 838 910 vem,
866 852 947 914 qui
977 867 1167 897 morum
1194 852 1340 915 ipsius
1369 868 1623 916 rerumque
1650 869 1677 898 3
1700 870 1749 900 se

339 939 536 994 perante
570 939 826 993 gestarum,
856 939 950 975 tam
977 929 1025 975 in
1049 946 1137 975 suo
1159 929 1395 977 Delfinatu
1425 947 1570 994 quam
1605 930 1745 990 alibi,

339 1023 437 1053 non
462 1006 609 1070 ignari
632 1006 803 1063 forent,
829 1005 1101 1067 hujusmodi
1130 1007 1472 1070 promissorum
1495 1022 1617 1054 vana
1643 1023 1750 1072 spes

339 1100 438 1129 non
464 1084 635 1130 delusit
659 1092 741 1130 aut
767 1082 941 1129 fefellit.
970 1083 1140 1129 Docuit
1163 1093 1320 1130 autem
1346 1101 1443 1130 non
1462 1084 1601 1147 longe
1617 1095 1748 1149 post-

338 1160 429 1209 hac
467 1161 534 1207 rei
572 1161 721 1207 exitus
759 1169 939 1224 quanta
974 1177 1081 1224 spes
1114 1160 1391 1224 hujusmodi
1424 1162 1664 1225 promissis
1703 1172 1750 1210 et

338 1240 799 1288 similibushabenda
814 1241 948 1298 foret,
964 1239 1052 1286 sub
1071 1257 1277 1305 qnorum
1295 1252 1395 1288 tum
1415 1241 1612 1289 obtentu
1633 1259 1751 1289 non-

337 1317 477 1365 nullae
499 1335 557 1365 ex
578 1317 819 1364 nobilibus
840 1317 1103 1365 civitatibus
1118 1319 1266 1383 regni,
1288 1320 1454 1384 utipsa
1469 1321 1746 1378 Remorum,

338 1411 442 1458 quae
462 1395 572 1442 talia
594 1395 810 1459 polliceri
832 1394 1094 1453 audiverat,
1120 1405 1166 1441 et
1196 1395 1559 1460 Andegavorum
1577 1395 1717 1443 urbes
1733 1431 1745 1453 ‚

338 1487 519 1535 magnae
534 1471 811 1519 calamitatis
826 1471 1078 1518 discrimen
1093 1481 1138 1519 et
1150 1473 1414 1537 periculum
1429 1474 1745 1531 incurrerunt,

338 1559 391 1596 ut
413 1549 557 1614 paulo
576 1559 685 1615 post
707 1565 796 1597 suo
821 1548 930 1595 loco
953 1548 1226 1597 referemus.

815 1750 1155 1797 CAPITULUM
1189 1751 1266 1794 lv.

337 1866 530 1912 Quomodo
549 1879 592 1901 ex
608 1868 726 1901 Remis
741 1866 836 1901 venit
852 1866 897 1901 ad
918 1866 1312 1913 Sanctum-Dionysium
1330 1876 1444 1911 prope
1461 1863 1624 1906 Parisios,
1646 1863 1708 1898 ubi
1727 1877 1748 1899 a

384 1919 539 1967 quodam
565 1921 654 1954 Italo
681 1929 961 1968 praesumptuoso
984 1920 1073 1966 patri
1099 1918 1265 1953 defuncto
1292 1917 1502 1952 beneficium
1520 1917 1749 1953 absolutionis

384 1973 584 2021 impensum
603 1983 652 2009 est
671 1975 697 2009 ¹.

403 2076 548 2139 Igitur
583 2092 724 2137 cum,
770 2085 1023 2141 postquam
1061 2091 1197 2122 sacro
1234 2074 1472 2122 delibutus
1517 2074 1655 2135 oleo,
1700 2075 1747 2121 in

338 2154 468 2202 dicto
493 2153 782 2200 monasterio
806 2153 952 2199 sancti
977 2152 1260 2199 Theoderici
1288 2152 1411 2199 duos
1432 2162 1516 2200 aut
1537 2163 1630 2199 tres
1647 2151 1749 2199 dies

338 2231 615 2296 perstitisset
635 2267 647 2291 ,
689 2230 811 2276 duce
839 2229 1230 2292 Burgundionum
1270 2245 1379 2275 cum
1414 2245 1501 2275 suo
1532 2227 1748 2291 magnifi-

339 2308 610 2355 centissimo
647 2306 925 2363 comitatu²‚
969 2306 1019 2352 in
1059 2322 1156 2369 quo
1197 2305 1294 2351 dux
1332 2304 1597 2351 Clevensis⁸
1637 2321 1747 2351 cum

341 2384 579 2449 Adolpho,
605 2383 744 2430 fratre
763 2399 868 2441 suo,
891 2399 1094 2446 praesens
1115 2381 1295 2440 aderat,
1326 2382 1600 2444 caeterisque
1619 2381 1748 2446 prin·

397 2543 436 2582 1.
466 2541 645 2592 Chapitre
661 2539 840 2593 imprime
863 2539 987 2591 parmi
1003 2539 1058 2578 les
1072 2541 1241 2577 Preuves
1260 2551 1337 2576 aux
1355 2537 1528 2576 Libertes
1546 2537 1750 2588 gallicanes

341 2601 389 2640 de
412 2600 455 2641 P.
477 2604 540 2639 Du
560 2604 652 2651 Puy.

397 2663 436 2699 2.
468 2663 611 2700 conata
631 2659 725 2698 dans
743 2659 780 2697 le
799 2671 870 2696 ms.

399 2723 435 2760 3.
467 2724 576 2770 Jean,
598 2719 671 2758 duc
694 2719 742 2758 de
761 2719 919 2768 Cleves,
941 2730 1068 2756 neveu
1092 2717 1143 2755 du
1165 2717 1239 2756 duc
1257 2717 1304 2756 de
1323 2720 1553 2769 Bourgogne
1576 2726 1614 2757 et
1631 2716 1750 2756 mari&

346 2782 448 2821 aussi
464 2781 560 2820 dans
574 2780 612 2819 la
626 2779 773 2819 maison
790 2778 838 2817 de
852 2781 1097 2831 Bourgogne,
1114 2780 1135 2816 a
1153 2778 1191 2817 la
1205 2778 1281 2817 fille
1299 2777 1346 2816 de
1363 2781 1384 2816 J
1387 2791 1460 2816 ean
1474 2777 1522 2816 de
1536 2780 1693 2816 Nevers.
