2054 3470
778 311 924 348 mmm
947 298 1146 346 ramus.
1617 315 1659 352 91

265 413 355 463 tos,
379 401 505 449 dicto
524 399 584 447 de
604 397 865 446 Morvillz'er
884 395 1087 446 verbum
1106 396 1323 458 faciente,
1350 398 1478 464 apud
1496 399 1667 448 ducem

263 477 560 545 Burgundiae,
586 477 633 523 in
658 474 839 540 oppido
871 491 959 522 suo
993 474 1226 523 Insulensi
1247 476 1550 524 exsistentem
1572 495 1668 526 una

264 573 375 606 cum
396 552 783 620 praefatocomite
810 551 871 599 de
901 550 1166 612 Charoloz's,
1196 550 1296 598 filio
1323 568 1412 599 suo
1425 587 1437 611 ,
1467 554 1669 616 graviter

264 634 326 682 de
354 630 523 680 eodem
557 630 751 691 comite,
786 638 888 676 tum
921 638 1171 694 praesente,
1208 628 1529 693 querebatur:
1556 647 1667 678 eum

264 709 471 759 criminis
488 709 606 755 laesae
626 707 879 771 majestatis
895 715 1059 771 aperte
1078 705 1377 765 insimulans,
1400 708 1534 771 quod
1550 726 1668 774 prae-

264 787 411 835 fatum
432 784 710 832 Bastardum
730 783 790 831 de
808 782 1072 847 Rubempre‘
1083 799 1288 848 suosque
1309 785 1525 845 comites,
1549 786 1671 850 regis

264 863 510 912 servitores
541 871 589 909 et
618 861 813 922 missos,
848 869 1078 908 arrestare
1106 869 1152 907 et
1180 860 1232 907 in
1262 877 1500 908 carcerem
1529 872 1671 927 atque

263 939 451 988 vincula
470 939 656 987 mittere
676 938 1068 1004 praesumpsisset3
1091 954 1140 985 se
1158 937 1403 986 subditum
1423 956 1479 987 ac
1496 941 1672 988 vassal-

264 1016 364 1064 lum
382 1017 505 1080 regis
526 1032 781 1080 agnoscere
804 1015 1001 1073 debere,
1029 1025 1096 1075 et,
1124 1031 1210 1080 per
1231 1014 1348 1075 hoc,
1369 1026 1550 1064 tantam
1575 1019 1672 1081 regi

265 1102 312 1141 et
342 1093 542 1141 domino
567 1109 653 1140 suo
677 1109 900 1159 supremo
928 1092 1148 1156 injuriam
1172 1093 1403 1156 irrogare,
1431 1103 1483 1140 ut
1506 1094 1673 1142 missos

264 1187 375 1219 suos
403 1171 453 1219 in
481 1188 718 1220 carcerem
745 1181 791 1219 et
820 1171 1011 1218 vincula
1040 1171 1322 1235 conjiceret,
1354 1173 1552 1220 minime
1585 1172 1675 1220 sibi

265 1257 495 1296 attentare
516 1249 718 1297 licuisse.
741 1248 931 1295 Diluere
954 1258 1113 1296 autem
1135 1248 1335 1296 studens
1353 1249 1673 1314 suspicionem

266 1326 567 1386 insidiarum,
593 1327 654 1375 de
675 1343 769 1392 qua
794 1327 1063 1374 communis
1090 1325 1268 1390 ubique
1292 1343 1449 1374 sermo
1473 1337 1676 1393 perstre-

267 1402 432 1468 pebat,
458 1403 643 1451 dicebat
663 1404 882 1470 praefatos
905 1420 1003 1450 non
1025 1403 1087 1450 ad
1111 1404 1571 1469 apprehendendum
1594 1421 1674 1453 co·

267 1480 433 1527 mitem
469 1480 531 1527 de
570 1480 838 1537 CluzroIozIr,
882 1497 964 1527 seu
1006 1480 1270 1544 quidquam
1307 1482 1351 1527 ei
1400 1481 1674 1528 nocendum

269 1557 409 1604 fuisse
448 1557 707 1604 destinatos
744 1573 831 1622 per
869 1573 1057 1620 regem3
1104 1557 1186 1604 sed
1225 1557 1338 1620 quia
1381 1567 1556 1605 certam
1595 1574 1676 1605 rex

268 1634 474 1682 habebat
501 1635 716 1682 notitiam
739 1633 870 1698 quod
893 1635 988 1681 dux
1012 1634 1261 1681 Britanniae
1281 1634 1471 1682 miserat
1492 1634 1678 1700 aliquos

269 1711 330 1758 de
360 1711 457 1758 suis
487 1711 536 1757 in
568 1710 806 1774 Angliam,
840 1711 1058 1774 quaedam
1092 1712 1141 1758 in
1172 1727 1312 1758 suum
1346 1713 1574 1777 regnique
1606 1713 1678 1759 sui

268 1787 592 1853 praejudicium
622 1788 872 1835 molituros
900 1789 1002 1853 (qui
1032 1788 1092 1836 de
1117 1789 1336 1854 proximo
1366 1789 1478 1836 inde
1503 1791 1677 1838 reverti

269 1863 522 1926 deberent,
549 1875 595 1912 et
615 1881 702 1930 per
723 1866 947 1913 comitem
966 1865 1027 1912 de
1050 1866 1295 1912 Chat-olcis
1313 1867 1361 1912 in
1386 1867 1678 1914 Britanniam

269 1941 514 2006 remeare),
532 1951 783 2007 propterea
805 1943 1003 1989 misisset
1029 1942 1303 1990 Bastardum
1319 1943 1379 1990 de
1398 1942 1673 2008 Rubempre',

270 2018 332 2066 ad
359 2018 732 2066 collustrandum
758 2027 805 2065 et
824 2019 1179 2084 pervagandum
1204 2019 1386 2066 diversa
1415 2019 1521 2067 loca
1545 2020 1680 2067 navi-

273 2094 372 2158 gio,
408 2105 660 2160 quatenus,
698 2096 738 2142 si
769 2096 884 2142 dicti
918 2096 1052 2143 ducis
1085 2096 1265 2160 legatos
1298 2096 1468 2144 obvios
1499 2097 1679 2145 habere

270 2181 450 2235 posset,
477 2189 558 2219 eos
578 2171 957 2237 apprehenderet
977 2183 1024 2220 et
1042 2173 1235 2221 duceret
1253 2173 1314 2221 ad
1336 2190 1518 2238 regem,
1546 2174 1680 2238 cujus

272 2265 372 2296 non
404 2265 552 2314 parvo
581 2250 824 2297 interesset
852 2250 1123 2298 molitiones
1157 2250 1369 2314 ejusdem
1402 2250 1537 2297 ducis
1568 2267 1679 2298 cum

275 2326 368 2373 suis
406 2326 728 2374 infensissimis
765 2326 983 2375 hostibus
1023 2338 1069 2375 et
1106 2329 1303 2377 consilia
1326 2329 1588 2394 'percipere
1625 2346 1680 2376 ac

276 2406 596 2464 cognoscere&
635 2404 865 2467 Petiitque
898 2404 1120 2463 tandem,
1159 2421 1296 2464 cum,
1341 2405 1405 2452 ob
1441 2405 1678 2453 dictorum

277 2488 522 2541 captorum
559 2480 909 2541 detentionem,
946 2482 1162 2529 maximis
1194 2482 1418 2529 eumdem
1454 2483 1679 2530 comitem

333 2625 370 2660 1.
401 2625 471 2662 Ces
488 2625 632 2665 raisons
651 2636 736 2665 sont
757 2627 941 2679 exposees
963 2641 1056 2666 avec
1080 2635 1161 2666 tout
1180 2628 1217 2666 le
1236 2627 1556 2679 developpement
1575 2625 1677 2664 desi-

280 2681 385 2720 rablc
405 2683 498 2722 dans
524 2698 575 2722 un
594 2685 763 2725 discours
791 2689 984 2739 prononce'!
1006 2701 1082 2727 aux
1108 2687 1299 2726 habitants
1327 2687 1522 2725 d'Amiens
1549 2698 1620 2736 par
1644 2685 1679 2722 le

280 2739 493 2779 chancelier
516 2741 563 2780 de
590 2746 745 2786 France.
767 2750 814 2786 A.
830 2746 1004 2797 Thierry.
1035 2750 1256 2784 Documents
1275 2748 1412 2783 ine'dits
1428 2759 1494 2782 sur
1508 2746 1677 2790 Amiens,

282 2806 308 2836 t.
327 2802 385 2845 II,
406 2813 446 2850 p.
467 2802 567 2847 276;
592 2800 685 2839 dans
701 2802 740 2840 la
757 2804 963 2842 Collection
981 2804 1048 2842 des
1068 2804 1292 2842 documents
1310 2803 1461 2840 inedits.
