2054 3470
383 281 435 318 ⁴8
750 279 1093 319 HISTORIARUM
1117 280 1355 318 LUDOVICI
1380 281 1439 319 XI

386 365 688 415 Edoardum¹
719 367 876 433 pulso,
912 368 962 415 in
999 368 1206 416 Scotiam
1242 367 1545 431 confugerat,
1575 366 1804 423 sublima·

383 445 565 492 tionem
587 454 635 492 et
662 442 1024 510 provectionem
1060 445 1289 492 Ludovici
1319 446 1369 492 in
1402 461 1563 508 regem
1596 447 1804 492 Franco-

383 538 517 584 rum,
546 531 593 569 et
616 522 749 587 quod
777 539 926 586 regno
948 532 1150 587 paterno
1182 521 1378 587 pacifice
1412 522 1664 587 potiretur,
1698 538 1805 587 spe·

384 615 493 648 rans
517 599 624 663 jure
666 600 892 648 naturalis
927 600 1297 665 propinquitatis
1334 609 1382 647 et
1415 599 1800 659 necessitudinis,

382 676 445 724 ab
473 676 645 725 eodem
668 676 998 725 subventionis
1031 676 1195 724 solatia
1225 677 1529 736 adinvenire,
1556 694 1612 724 ex
1648 677 1807 725 Scotia

382 754 433 800 in
470 756 718 805 Franciam
750 755 949 819 trajecit.
987 757 1133 801 Erant
1155 755 1284 801 enim
1315 764 1414 801 tam
1442 755 1543 818 ejus
1569 755 1639 801 vir
1658 769 1805 819 quam

383 830 485 896 ipsa
506 849 726 897 peraeque
748 830 1025 879 consobrini
1050 831 1278 879 Ludovici
1292 870 1304 894 ,
1329 835 1622 879 Francorum
1650 831 1800 894 regis3

382 924 497 956 nam
528 911 598 957 uti
634 910 905 957 Ludovicus
938 918 984 956 et
1025 909 1256 956 Henricus
1284 918 1421 957 erant
1454 909 1537 956 filii
1568 909 1722 956 fratris
1758 918 1806 956 et

381 988 582 1049 sororis,
619 988 687 1034 ita
712 987 841 1034 idem
864 986 1135 1033 Ludovicus
1157 996 1205 1033 et
1220 988 1502 1050 Margareta,
1524 987 1685 1051 regina
1711 988 1804 1033 An-

384 1062 502 1127 gliae,
530 1075 665 1112 erant
687 1063 772 1111 filii
793 1064 971 1111 sororis
992 1072 1039 1110 et
1067 1063 1236 1111 fratris.
1261 1065 1380 1112 Nam
1402 1080 1483 1111 rex
1511 1062 1694 1122 siciliae‚
1721 1064 1806 1109 Re-

383 1150 543 1202 natus‚
574 1151 711 1207 pater
738 1151 840 1189 erat
867 1141 1015 1206 ipsius
1037 1141 1237 1205 reginae;
1263 1141 1409 1189 Maria
1427 1157 1566 1202 vero,
1591 1139 1804 1204 ejusdem

385 1220 551 1268 Renati
573 1237 728 1282 soror,
755 1219 983 1267 Ludovici
1013 1230 1114 1268 erat
1144 1229 1324 1281 mater3
1347 1230 1393 1268 et
1417 1220 1538 1268 sicut
1557 1219 1804 1267 Ludovico

381 1297 608 1359 Carolus,
637 1301 931 1344 Francorum
953 1313 1063 1358 rex,
1088 1298 1274 1362 genitor
1299 1298 1473 1358 fuerat,
1507 1298 1569 1345 ita
1605 1307 1654 1345 et
1676 1300 1804 1345 Hen-

382 1374 507 1434 rico,
532 1374 793 1440 Anglorum
814 1374 939 1438 regi,
965 1374 1219 1423 Catharina
1240 1385 1409 1434 mater,
1436 1392 1573 1423 soror
1592 1374 1806 1439 ejusdem

380 1452 554 1500 Caroli.

447 1528 524 1576 Ob
551 1528 638 1577 has
660 1528 1033 1595 propinquitatis
1054 1529 1455 1589 necessitudines,
1480 1528 1699 1591 Carolus,
1721 1528 1808 1577 ad-

383 1607 479 1654 huc
503 1624 648 1671 agens
669 1609 718 1655 in
736 1607 961 1655 humanis
973 1645 985 1667 ‚
1012 1608 1261 1656 miseratus
1277 1618 1419 1657 tantae
1438 1616 1486 1655 et
1498 1617 1597 1656 tam
1613 1608 1808 1673 propin-

380 1702 486 1749 quae
506 1702 603 1733 suae
623 1685 1046 1749 consanguinitatis
1074 1701 1237 1733 casum
1267 1685 1522 1734 adversum
1537 1722 1549 1745 ,
1579 1701 1724 1750 opem
1742 1685 1809 1732 eis

380 1761 502 1808 ferre
519 1797 531 1821 ,
559 1772 612 1809 ut
633 1763 682 1809 in
705 1779 907 1826 regnum
932 1763 1312 1824 restituerentur,
1339 1778 1631 1827 magnopere
1661 1761 1805 1810 assec-

381 1838 513 1887 tabat
527 1875 539 1899 ,
566 1841 710 1887 totius
732 1841 867 1903 regni
890 1849 937 1887 et
960 1840 1225 1887 amicorum
1247 1839 1429 1886 viribus
1459 1839 1509 1885 id
1536 1838 1670 1885 brevi
1695 1853 1807 1903 pro·

379 1932 567 1981 ponens
604 1916 873 1981 perficeres
896 1916 1042 1980 Cujus
1065 1917 1418 1964 exsecutionem
1450 1932 1561 1963 cum
1592 1915 1808 1962 infaustae

379 2011 474 2041 suae
515 1995 683 2041 mortis
722 2003 1100 2058 praeoccupasset
1135 2003 1360 2054 eventus,
1410 1991 1668 2058 sperabant
1716 1992 1808 2057 ipsi

380 2089 530 2137 regno
558 2072 740 2119 exsules
761 2088 819 2118 ac
846 2071 1037 2137 profugi
1067 2071 1479 2132 benevolentiam,
1501 2087 1648 2135 quam
1675 2068 1806 2135 apud

380 2160 565 2215 patrem
598 2149 915 2210 invenissent,
949 2150 1092 2197 etiam
1115 2150 1244 2215 apud
1276 2149 1427 2197 filium
1452 2149 1538 2213 (ut
1559 2165 1648 2214 par
1671 2148 1805 2211 erat)

381 2229 559 2276 servari
582 2237 631 2275 et
651 2228 925 2275 continuari
949 2227 1187 2276 debuisse.

447 2308 571 2352 Cum
592 2314 752 2352 autem
786 2304 847 2351 ad
870 2321 980 2351 eum
1005 2305 1107 2370 ipsa
1131 2306 1294 2369 regina
1315 2305 1583 2353 accessisset
1594 2305 1624 2366 ²,
1649 2303 1806 2351 verbis

382 2381 579 2447 quidem
613 2391 660 2429 et
699 2380 1041 2447 sponsionibus
1068 2383 1179 2430 satis
1211 2381 1420 2446 benigne
1448 2391 1643 2447 excepta
1678 2379 1805 2428 vide-

442 2559 479 2596 1.
510 2549 693 2595 Edouard
712 2555 871 2594 d'York.

435 2617 478 2658 2.
507 2620 568 2655 Au
591 2616 688 2655 mois
712 2615 760 2654 de
793 2615 880 2665 juin
907 2616 1026 2654 1462.
1062 2615 1093 2653 ΙΙ
1115 2630 1140 2666 y
1171 2629 1194 2654 a
1224 2628 1278 2654 un
1301 2614 1413 2653 traite
1436 2613 1638 2652 d'alliance
1665 2607 1803 2652 conclu

383 2689 454 2728 par
470 2676 545 2715 elle
565 2689 616 2714 au
633 2689 726 2714 nom
746 2674 795 2713 de
813 2673 935 2712 Hem-i
952 2676 1018 2721 VI,
1038 2687 1133 2712 avec
1152 2674 1189 2712 le
1208 2674 1267 2712 roi
1285 2673 1334 2713 de
1351 2676 1511 2721 France,
1527 2674 1549 2711 a
1566 2676 1704 2721 Tours,
1725 2673 1748 2710 ὲ
1766 2671 1804 2710 la

382 2735 470 2774 date
492 2735 546 2774 du
571 2737 622 2774 28
651 2734 751 2785 juin.
783 2734 944 2786 Lenglet
975 2733 1214 2784 Dufresnoy,
1242 2736 1446 2773 Me'moires
1471 2735 1521 2771 de
1544 2734 1727 2782 Philinpe
1754 2733 1804 2769 de

384 2797 608 2842 Commium,
628 2802 657 2833 t.
680 2796 735 2844 11,
753 2807 794 2847 p.
818 2796 909 2832 367.
