2054 3470
406 314 481 351 120
767 309 1111 348 HISTORIARUM
1136 309 1375 348 LUDOVICI
1400 310 1457 347 XI

405 400 697 465 conspicere.
728 400 819 455 Ita,
846 398 923 444 cui
952 397 1152 445 victoria
1175 407 1291 444 tunc
1314 397 1528 457 cesserit,
1553 414 1654 445 non
1683 398 1817 448 facile

405 477 500 524 dici
522 486 697 542 posset.
724 476 772 522 Si
795 492 877 525 rex
898 475 947 521 in
967 474 1075 522 loco
1098 474 1180 521 illo
1198 512 1210 536 ,
1235 475 1284 521 in
1301 475 1396 521 suis
1418 475 1605 532 castris,
1631 475 1707 522 vel
1727 475 1817 522 sal-

406 564 503 602 tem
524 554 574 600 in
596 569 704 600 arce
730 569 835 617 quae
854 551 949 599 illic
968 552 1078 598 satis
1101 551 1238 599 firma
1259 561 1331 599 est
1346 587 1358 610 ,
1383 551 1708 614 remansisset,
1729 551 1818 600 sibi

404 632 655 679 victoriam
686 631 844 678 forsan
879 646 1099 693 arrogare
1135 630 1382 695 potuisset.
1423 630 1516 677 Sed
1546 630 1684 695 quia,
1721 631 1819 678 ad-

404 717 763 774 vesperascente
787 707 888 767 die,
913 707 1013 771 ipse
1032 723 1142 754 cum
1163 707 1349 772 paucis,
1377 708 1460 772 qui
1482 707 1570 754 sibi
1598 725 1819 773 perman-

403 795 583 846 serant,
618 784 898 832 Corbolium
920 794 990 831 est
1021 784 1278 850 profectus,
1314 785 1679 848 Burgundiones
1702 802 1817 837 vero

403 865 451 911 in
482 864 577 911 suis
609 863 771 910 castris
801 879 911 909 cum
939 879 1026 909 suo
1058 863 1231 909 comite
1258 862 1318 909 de
1346 862 1613 921 Charolois,
1643 873 1689 910 et
1719 872 1821 910 tota

403 951 544 989 nocte
580 951 627 988 et
661 942 878 1005 sequenti
913 940 990 987 die
1024 940 1192 999 etiam,
1223 949 1617 1004 permanserunt,
1652 939 1762 986 ideo
1791 955 1820 987 a

406 1019 566 1078 multis
594 1018 849 1066 coloratius
879 1018 1109 1076 victoriae,
1141 1016 1248 1063 licet
1272 1034 1371 1064 non
1404 1017 1684 1075 incruentae,
1711 1016 1820 1063 titu-

406 1097 480 1144 lus
499 1107 546 1144 et
564 1096 726 1143 honor
745 1097 812 1143 eis
830 1095 1003 1143 deferri
1026 1095 1230 1141 videtur.

470 1177 524 1221 In
547 1191 605 1221 eo
624 1173 786 1239 praelio
807 1173 931 1220 suit
918 1190 968 1220 in
997 1182 1186 1260 gutture
1207 1171 1521 1219 vulneratus
1502 1187 1610 1236 lpse
1633 1170 1821 1218 illustris

405 1269 569 1300 comes
583 1251 642 1298 de
662 1251 922 1312 Charolois,
937 1251 1020 1315 qui
1037 1251 1084 1297 in
1101 1266 1357 1314 congressu
1374 1257 1517 1312 atque
1532 1248 1818 1308 interventu,

408 1346 507 1377 non
545 1328 693 1375 modo
717 1328 874 1387 ducis,
901 1328 985 1375 sed
1009 1327 1322 1374 strenuissimi
1352 1326 1495 1373 etiam
1529 1340 1704 1371 munus
1731 1324 1823 1371 mi-

406 1407 498 1454 litis
522 1407 709 1471 agebat.

472 1488 579 1531 Non
602 1484 805 1531 dubium
826 1499 941 1530 vero
954 1518 966 1541 ,
993 1482 1031 1530 si
1049 1499 1130 1530 rex
1151 1498 1257 1529 suas
1279 1481 1519 1547 pedestres
1535 1480 1698 1546 copias
1713 1471 1826 1528 cum

407 1562 624 1609 curribus
647 1572 693 1609 et
715 1561 949 1609 machinis
971 1578 1134 1608 secum
1151 1560 1396 1608 habuisset
1412 1596 1424 1620 ‚
1446 1559 1825 1623 mansissemque

407 1641 624 1703 equitum
661 1649 828 1686 turmae
865 1654 984 1703 quas
1022 1655 1134 1685 cum
1177 1638 1353 1685 comite
1395 1637 1733 1684 Cenomanniae
1778 1647 1827 1685 et

368 1712 373 1722 ⁴
409 1717 611 1775 domino
635 1716 695 1763 de
717 1715 1072 1762 Monte-Albani
1098 1714 1258 1778 sugam
1285 1714 1520 1779 accepisse
1546 1713 1821 1771 retulimuS,

408 1794 526 1858 quin
558 1794 789 1840 exercitus
823 1791 1219 1856 Burgundionum
1253 1789 1567 1837 verisimiliter
1599 1805 1825 1852 magnum

409 1871 662 1918 discrimen
694 1871 982 1917 incurrisset.
1013 1869 1201 1927 Quibus
1233 1877 1393 1914 tamen
1422 1867 1460 1913 si
1491 1867 1706 1914 Britones
1729 1883 1827 1914 ma-

409 1957 513 1994 ture
544 1964 592 1994 se
613 1948 901 2011 junxissent,
928 1963 1039 1993 cum
1071 1961 1229 2008 regem
1253 1953 1581 2007 cognoverunt
1602 1960 1685 1990 eos
1713 1959 1826 2008 pro-

410 2040 577 2088 perare
593 2024 784 2087 aggredi
799 2061 811 2084 ,
835 2022 1151 2070 verisimiliter
1173 2022 1364 2083 integrae
1380 2021 1504 2067 vires
1518 2020 1691 2067 militiae
1707 2021 1828 2084 regis

411 2101 627 2148 sufficere
660 2101 858 2146 minime
893 2112 976 2148 aut
1009 2098 1262 2146 difficulter
1293 2099 1504 2161 utrisque
1539 2098 1824 2162 potuissent3

411 2178 496 2226 sed
518 2179 606 2242 ipsi
631 2178 869 2235 Britones,
897 2177 1014 2223 dum
1042 2176 1103 2222 ad
1126 2186 1365 2222 certamen
1398 2185 1446 2221 et
1478 2175 1691 2239 praelium
1709 2190 1829 2220 con-

410 2268 600 2298 currere
617 2250 912 2306 debuissent,
936 2250 1047 2296 satis
1069 2248 1250 2314 perfide
1269 2258 1314 2294 et
1333 2247 1648 2311 ignominiose
1663 2262 1713 2292 se
1729 2262 1831 2309 ege-

412 2339 541 2376 runt.
578 2332 698 2376 Cum
738 2329 891 2387 enim,
934 2327 1222 2375 adventante
1260 2343 1369 2390 rege
1403 2324 1464 2372 ad
1503 2322 1829 2371 invadendum

410 2407 794 2471 Burgundiones,
814 2416 968 2453 castra
992 2422 1079 2452 sua
1096 2404 1329 2451 haberent
1352 2402 1414 2449 ad
1438 2411 1646 2466 quatuor
1671 2401 1830 2447 leucas

410 2502 562 2550 prope
584 2485 744 2531 locum
777 2501 875 2548 quo
900 2483 1116 2548 praelium
1144 2490 1418 2529 consertum
1442 2489 1537 2537 est,
1561 2478 1650 2543 ipsi
1677 2487 1831 2525 castra

412 2573 657 2611 moventes
677 2580 827 2627 usque
856 2562 916 2608 ad
942 2571 1125 2626 septem
1155 2561 1313 2606 leucas
1336 2557 1442 2604 loco
1465 2555 1737 2603 certaminis
1758 2571 1832 2601 re-

411 2642 773 2689 trocesserunt¹.
813 2643 868 2686 Et
902 2649 1087 2699 tamen,
1115 2654 1283 2685 eorum
1319 2650 1479 2694 causa,
1507 2634 1607 2698 ipse
1640 2633 1831 2680 illustris

471 2765 507 2800 1.
530 2761 561 2800 11
585 2771 641 2800 est
667 2760 834 2813 possible
862 2773 937 2811 que
966 2759 1021 2798 les
1047 2763 1207 2797 Βιεῑοῐιε
1230 2747 1331 2797 aient
1354 2756 1419 2794 fait
1444 2769 1495 2792 un
1516 2761 1764 2792 mouvement
1781 2765 1831 2790 en

412 2822 557 2861 ariiere
581 2822 723 2872 lorsqu'
729 2821 774 2858 ils
794 2829 926 2858 surent
945 2820 968 2857 l'
973 2819 1167 2871 approche
1188 2819 1240 2857 du
1263 2817 1341 2864 τοίς
1364 2815 1459 2853 mais
1478 2827 1578 2866 pour
1596 2826 1662 2851 sur
1679 2812 1726 2850 ils
1743 2825 1770 2849 n
1772 2811 1830 2849 ’ό-
