2054 3470
390 309 466 345 220
753 308 1094 344 HISTORIARUM
1122 308 1360 345 LUDOVICI
1387 309 1444 345 XI

389 396 470 455 tis,
506 412 673 442 omnes
706 411 802 453 res,
838 411 1005 441 omnes
1034 395 1339 453 mercantias,
1367 412 1472 459 quae
1497 396 1557 442 ad
1590 396 1806 445 subditos
1850 389 1852 391 ⁵

390 475 698 519 Francorum.
722 472 842 535 regis
885 471 1218 536 [pertinentes]
1257 473 1462 519 inventae
1504 483 1614 519 sunt
1631 511 1644 535 ,
1689 476 1805 539 poni

392 550 635 597 mandavit
657 550 746 596 sub
768 560 972 608 arresto;
993 566 1097 613 quae
1113 566 1225 596 cum
1241 551 1516 597 inventariis
1539 550 1802 616 descriptae,

390 627 496 676 fidis
533 629 761 676 custodiis
795 627 968 674 relictae
1000 637 1125 674 sunt.
1164 628 1307 685 Quod
1354 645 1453 675 non
1489 628 1802 688 dissimiliter,

388 707 483 754 hoc
515 707 778 767 intellecto,
810 710 1103 753 Francorum
1138 723 1220 753 rex
1259 705 1359 753 fieri
1398 707 1533 771 jussit
1571 706 1632 754 de
1664 706 1806 755 bonis

387 784 691 832 subditorum
714 785 849 832 ducis
872 784 1178 846 Burgundiae‚
1205 800 1310 848 quae
1332 785 1381 830 in
1407 784 1637 832 nundinis
1662 802 1804 849 gene·

387 863 563 910 ralibus
595 880 747 929 prope
782 862 1343 925 Sanctum-Dionysium,
1375 879 1493 926 quas
1521 862 1692 925 vulgus
1723 866 1805 909 In-

388 940 591 987 dictum¹
613 940 877 1006 appellant,
905 957 987 987 seu
1013 940 1128 986 alias
1150 938 1442 1003 ubicumque
1465 940 1514 986 in
1542 941 1677 987 terris
1711 941 1807 988 suis

389 1028 647 1083 potuerunt
665 1018 891 1078 inveniri3
910 1018 1125 1082 quamvis
1145 1016 1367 1063 nonnulli
1385 1017 1433 1062 in
1451 1016 1655 1064 dubium
1673 1034 1807 1065 revo-

387 1105 497 1142 cent
520 1105 567 1142 et
589 1095 856 1159 disceptent
884 1095 1008 1141 inter
1031 1110 1104 1153 se,
1130 1103 1236 1140 uter
1259 1092 1498 1160 dictorum
1532 1095 1806 1160 principum

388 1183 563 1220 arresta
596 1172 930 1236 hujuscemodi
967 1173 1176 1237 primum
1213 1170 1367 1218 facere
1401 1170 1647 1218 inchoavit
1666 1174 1695 1219 ².
1733 1175 1806 1220 De

388 1267 486 1314 quo
518 1268 618 1298 non
656 1251 861 1297 multum
900 1250 1076 1297 curiosi
1108 1265 1209 1296 esse
1239 1249 1487 1307 volumus,
1523 1235 1636 1296 effi
1675 1250 1807 1314 apud

388 1345 557 1376 omnes
577 1330 858 1388 constiterit,
880 1339 989 1375 ante
1009 1345 1179 1375 omnes
1201 1327 1327 1374 ultro
1346 1328 1566 1392 citroque
1587 1327 1808 1392 hujusce-

387 1406 520 1453 modi
542 1406 784 1453 bonorum
807 1405 1214 1471 apprehensiones
1239 1414 1382 1469 atque
1401 1415 1603 1465 arresta,
1625 1406 1808 1470 praedas

386 1482 633 1548 praedictas
665 1482 725 1530 de
761 1482 904 1530 bonis
934 1481 1238 1529 subditorum
1271 1481 1405 1528 ducis
1439 1482 1723 1546 Burgundiae
1744 1483 1807 1531 ad

386 1571 554 1627 portus
578 1562 699 1627 regis
726 1565 1022 1608 Francorum
1050 1577 1137 1625 per
1161 1559 1297 1606 illum
1323 1559 1562 1625 perfidum
1582 1563 1807 1609 Warvich

389 1650 434 1686 et
471 1657 584 1687 suos
626 1640 874 1698 advectas,
912 1648 987 1697 et,
1031 1638 1203 1685 eodem
1249 1654 1359 1702 rege
1394 1655 1495 1705 non
1532 1638 1803 1702 ignorante,

388 1716 633 1764 distractas
657 1727 799 1781 atque
825 1715 1125 1763 distributas³
1151 1735 1163 1762 τ
1188 1715 1321 1779 quod
1346 1714 1565 1779 capitulis
1592 1717 1723 1781 pacis
1744 1715 1807 1764 ad
1854 1715 1858 1719 ’

388 1797 623 1842 Peronam
649 1794 1000 1860 expressissime
1025 1792 1286 1857 derogabat
1308 1801 1355 1839 et
1377 1791 1660 1840 contraibat.

442 1921 480 1956 1.
511 1923 564 1958 Le
580 1920 730 1958 Lendit.
751 1922 857 1959 Cette
876 1919 973 1957 foire
992 1918 1246 1969 commencait
1261 1917 1298 1955 le
1315 1917 1506 1956 mercredi
1521 1917 1571 1956 de
1588 1916 1627 1955 13
1641 1918 1807 1957 seconde

386 1978 555 2016 semaine
575 1979 623 2018 de
639 1980 744 2028 juin3
765 1992 809 2017 ce
829 1980 887 2016 fut
903 1992 974 2030 par
992 1979 1229 2028 consequent
1246 1978 1283 2016 le
1302 1980 1351 2016 13
1370 1977 1523 2026 juin'en
1543 1979 1663 2018 1470.

441 2040 479 2075 2.
509 2039 608 2077 Rien
630 2053 706 2090 que
729 2039 882 2090 d’apres
905 2039 959 2075 les
981 2037 1087 2075 dates
1115 2036 1285 2074 donnees
1310 2035 1521 2085 ci-dessus‚
1546 2035 1574 2073 il
1595 2038 1663 2087 n'y
1683 2037 1808 2075 aurait

386 2111 455 2149 pas
483 2099 505 2135 ὲ
533 2098 671 2136 douter
698 2098 746 2136 de
777 2098 865 2148 quel
894 2097 977 2135 cote
1010 2097 1092 2134 vint
1119 2095 1392 2147 l'aggression3
1423 2095 1518 2133 mais
1538 2095 1575 2132 le
1605 2103 1726 2133 terme
1753 2095 1806 2134 du

386 2156 524 2195 Lendit
548 2166 604 2211 est
627 2165 714 2208 trop
738 2156 951 2208 rapproche
974 2155 1022 2193 de
1050 2154 1149 2192 celui
1173 2154 1221 2190 de
1243 2153 1280 2190 la
1302 2155 1505 2191 Pentecote
1525 2167 1626 2204 pour
1642 2166 1718 2204 que
1739 2154 1807 2192 des

387 2214 628 2266 represailles
657 2217 760 2254 aient
786 2230 835 2254 eu
864 2215 941 2254 lieu
966 2215 998 2253 si
1023 2216 1077 2252 tot
1105 2214 1152 2252 de
1169 2214 1207 2251 la
1226 2221 1311 2264 part
1330 2212 1378 2250 de
1397 2213 1514 2250 Louis
1531 2215 1602 2251 XI.
1624 2216 1807 2252 L’auteur

388 2288 411 2313 a
428 2276 703 2314 certainement
723 2275 918 2313 confondu
938 2275 973 2312 le
991 2273 1129 2312 Lendit
1147 2285 1242 2310 avec.
1261 2272 1298 2309 la
1317 2271 1414 2309 foire
1432 2271 1480 2309 de
1504 2271 1538 2309 13
1556 2272 1806 2311 Saint-Denis

387 2336 430 2381 (8
446 2337 557 2383 oct.)‚
580 2344 617 2373 et
635 2344 732 2373 cette
747 2348 881 2373 erreur
900 2343 956 2372 est
973 2332 1196 2371 demontree
1215 2344 1285 2383 par
1303 2344 1356 2369 un
1373 2330 1452 2368 edit
1471 2329 1519 2368 de
1534 2331 1650 2369 Louis
1664 2333 1736 2377 XI,
1756 2344 1806 2369 en

386 2394 473 2432 date
494 2394 546 2432 du
568 2397 591 2432 8
613 2393 787 2441 octobre,
813 2393 879 2444 qui
901 2392 1058 2431 interdit
1082 2399 1164 2429 tout
1187 2403 1403 2428 commerce
1422 2398 1530 2428 entre
1549 2403 1610 2428 ses
1632 2390 1749 2438 sujets
1768 2399 1807 2428 et

386 2467 484 2492 ceux
508 2454 562 2492 du
590 2454 664 2491 duc
693 2454 740 2491 de
768 2456 1014 2504 Bourgogne‚
1045 2453 1067 2488 a
1093 2463 1207 2488 cause
1238 2449 1286 2486 de
1312 2448 1349 2487 la
1377 2449 1549 2487 violence
1575 2450 1758 2488 commise
1785 2451 1807 2487 a

386 2516 552 2553 Anvers.
575 2516 624 2552 D.
645 2512 847 2560 Plancher,
869 2514 968 2549 Hist.
989 2513 1038 2548 de
1055 2513 1212 2560 Bourg.‚
1234 2522 1312 2560 p1·-,
1334 2516 1361 2545 t.
1385 2510 1459 2556 IV,
1481 2522 1520 2560 p.
1543 2508 1749 2557 cclxxxvij.

442 2575 481 2611 3.
513 2575 570 2611 On
591 2572 702 2610 disait
720 2572 802 2609 cela
821 2571 915 2609 dans
935 2571 988 2608 les
1008 2563 1111 2608 Etats
1135 2568 1186 2606 du
1207 2568 1282 2606 duc
1300 2568 1347 2605 de
1365 2571 1595 2621 Bourgogne
1608 2597 1619 2614 ‚
1641 2568 1737 2606 mais
1754 2581 1806 2606 on

388 2632 455 2682 n'y
477 2631 589 2670 disait
610 2645 678 2684 pas
703 2631 757 2669 les
781 2630 975 2669 violences
997 2628 1176 2667 exercees
1197 2627 1291 2665 dans
1315 2627 1351 2665 le
1379 2636 1466 2678 port
1487 2627 1715 2665 d'Honfleur
1737 2640 1807 2679 par

390 2693 425 2730 13
447 2693 592 2730 marine
620 2692 965 2744 bourguignonne;
993 2704 1044 2728 on
1071 2703 1122 2728 ne
1144 2689 1257 2742 disait
1281 2702 1349 2740 pas
1376 2702 1455 2727 non
1483 2691 1569 2741 plus
1592 2702 1668 2740 que
1689 2689 1724 2727 le
1747 2689 1806 2728 roi

390 2755 453 2790 eut
478 2752 652 2790 ordonne
675 2752 711 2789 13
732 2751 950 2803 reparation
974 2750 1041 2789 des
1067 2750 1290 2801 dommages
1312 2749 1444 2787 causes
1466 2762 1537 2801 par
1554 2749 1610 2787 les
1630 2748 1802 2801 Anglais.

390 2812 419 2849 ΙΙ
450 2812 573 2850 aui-ait
603 2811 720 2858 fallu,
755 2824 854 2862 pour
885 2812 975 2848 etre*
995 2808 1207 2861 equitable,
1241 2808 1409 2860 prendre
1437 2808 1709 2847 connaissance
1737 2807 1804 2846 des
