2054 3470
726 347 873 385 LIBER
908 347 1126 383 TERTIUS.
1558 348 1634 385 219

226 438 528 488 Normanniae
545 437 741 496 littora¹,
763 434 947 485 habens
968 451 1130 481 secum
1150 451 1349 482 uxorem
1372 451 1527 495 suam,
1552 436 1637 484 du-

224 534 329 565 cem
357 514 624 574 Clarentiae,
651 529 879 576 generum
910 529 1050 560 suum
1087 511 1390 576 Edoardique
1414 513 1632 576 fratrem,

215 595 270 644 'et
285 595 403 658 duas
419 593 550 652 filias,
570 607 773 655 quarum
787 607 884 637 una
902 590 1056 638 eidem
1074 590 1185 638 duci
1201 591 1448 638 Clarentiae
1465 602 1632 656 nupta,

224 674 370 722 altera
379 687 494 723 vero
512 669 669 716 adhuc
683 669 886 734 innupta
904 678 1021 715 erat.
1041 669 1187 732 Cujus
1209 668 1464 734 appulsum
1478 669 1539 716 ad
1553 686 1636 718 sua

221 751 379 799 littora
409 753 700 796 Francorum
734 763 819 794 rex
852 756 906 794 ut
942 746 1199 805 intellexit,
1238 747 1379 794 simul
1413 747 1558 794 etiam
1593 758 1640 796 et

223 827 355 893 quod
381 826 462 874 illo
490 842 652 873 secum
683 824 868 890 praedas
896 824 1161 871 advexisset
1191 824 1381 888 triginta
1408 834 1492 871 aut
1518 842 1638 889 qua-

223 904 436 968 draginta
461 903 677 963 navium,
710 919 827 966 quas
850 918 877 949 a
901 901 1104 948 subditis
1132 910 1178 948 et
1207 900 1381 948 accolis
1406 911 1639 950 terrarum

223 980 617 1044 Burgundionum
640 980 792 1041 ducis,
818 979 866 1026 in
888 979 1007 1026 mari
1027 979 1256 1042 navigans
1277 987 1325 1025 et
1346 979 1637 1044 profugiens,

222 1065 496 1125 acceperat,
535 1075 646 1106 eum
680 1058 808 1106 illico
846 1058 1029 1123 magnis
1062 1056 1247 1122 excepit
1283 1065 1330 1104 et
1361 1067 1643 1123 prosecutus

222 1147 292 1186 est
314 1137 595 1186 favoribus’.

287 1219 404 1274 Quae
486 1232 507 1262 5
534 1215 658 1262 illius
685 1216 839 1280 pacis,
871 1224 970 1262 tam
999 1215 1139 1262 arctis
1167 1215 1475 1263 sacramentis
1499 1214 1642 1280 paulo

223 1304 334 1344 ante
356 1310 415 1358 ap
483 1279 740 1364 aPeronain
764 1293 982 1352 firmatae,
1007 1293 1287 1359 rumpendae
1309 1303 1451 1357 atque
1475 1292 1643 1340 dissol-

223 1370 390 1420 vendae
416 1370 669 1417 infaustam
694 1371 837 1418 nimis
863 1387 1100 1436 superque
1124 1371 1288 1429 nimis,
1320 1369 1445 1435 proh
1475 1368 1637 1417 dolor!

225 1465 416 1498 causam
440 1448 611 1497 attulit.
638 1452 757 1496 Cum
778 1450 906 1496 enim
927 1466 1162 1515 pauperes
1183 1449 1251 1496 illi
1274 1449 1410 1496 ducis
1435 1453 1646 1514 Burgun-

226 1527 429 1575 dionum
451 1526 654 1586 subditi,
680 1528 762 1592 qui
788 1527 990 1574 navibus
1012 1537 1059 1575 et
1080 1527 1220 1575 bonis
1245 1528 1342 1574 suis
1367 1527 1553 1574 fuerant
1578 1527 1645 1574 sic

227 1604 430 1670 spoliati,
454 1604 672 1651 dolentes
691 1615 737 1652 et
759 1605 943 1669 queruli
967 1604 1026 1652 ad
1047 1606 1203 1670 ipsum
1227 1604 1482 1651 dominum
1505 1621 1645 1652 suum

226 1682 570 1745 confugissent,
598 1692 856 1730 asserentes
883 1682 1066 1748 praedas
1094 1682 1339 1729 bonorum
1363 1698 1560 1729 suorum
1584 1681 1646 1729 ad

227 1761 529 1807 Normanniae
563 1759 784 1808 advectas
815 1760 976 1807 littora
1005 1771 1052 1808 et
1084 1770 1251 1825 portus
1269 1762 1300 1822 ³,
1339 1760 1529 1825 illicque
1560 1775 1647 1825 per

226 1836 406 1885 dictum
425 1837 661 1902 perfidum
682 1842 748 1885 W
749 1838 907 1884 arvicle
929 1848 975 1885 et
998 1838 1219 1885 satellites
1235 1855 1348 1885 suos
1367 1837 1582 1885 venditas
1602 1847 1648 1885 ct

226 1913 496 1975 distractas,
516 1932 661 1979 quem
679 1915 819 1962 etiam
843 1932 953 1961 cum
976 1915 1117 1962 tantis
1135 1932 1215 1962 rex
1235 1914 1504 1962 honoribus
1519 1930 1648 1962 acce-

227 1992 370 2058 pisset
384 2029 395 2050 ,
417 1993 691 2055 indignatus
710 1993 811 2058 ipse
830 1992 928 2040 dux
950 1992 1260 2040 vehementer
1277 2003 1421 2057 atque
1440 1992 1530 2040 illis
1550 1992 1647 2039 suis

227 2067 428 2116 subditis
458 2071 777 2135 compatiens,
813 2087 925 2118 cum
957 2071 1190 2118 instarent
1216 2070 1444 2117 nundinae
1475 2072 1648 2117 Pente-

229 2155 380 2194 costes
401 2147 531 2212 apud
550 2148 892 2212 Antverpiam⁸,
910 2147 1022 2208 illic,
1040 2148 1205 2195 edictis
1227 2147 1525 2215 generalibus
1539 2148 1648 2196 alla-

284 2317 321 2353 1⁵
352 2317 386 2353 A
409 2315 609 2356 Honfleur.

282 2376 322 2412 2.
350 2377 406 2413 Le
427 2375 486 2413 roi
507 2374 723 2430 cependant
744 2388 795 2413 ne
813 2375 869 2413 vit
893 2388 960 2426 pas
985 2389 1080 2414 avec
1102 2377 1235 2429 plaisir
1258 2378 1350 2428 qu'il
1377 2379 1523 2417 arrivat
1542 2380 1649 2418 nanti

231 2432 299 2471 des
323 2433 627 2490 depouilles7des
653 2434 769 2481 sujets
793 2433 1106 2485 bourguignons,
1133 2445 1171 2474 et
1196 2437 1223 2474 il
1249 2438 1290 2475 fit
1317 2446 1402 2476 tous
1431 2452 1491 2477 ses
1517 2439 1648 2477 efforts

231 2505 330 2544 pour
354 2493 532 2532 l'induire
557 2496 577 2532 a
603 2495 698 2532 aller
723 2494 890 2546 prendre
913 2503 1036 2544 terre,
1058 2509 1110 2533 ou
1132 2509 1179 2534 au
1207 2498 1331 2536 moins
1351 2501 1373 2536 Ξι
1395 2511 1568 2548 envoyer
1589 2511 1648 2536 scs

232 2552 384 2590 navires
399 2567 475 2591 aux
493 2553 562 2592 iles
580 2557 728 2604 Jersey.
746 2555 839 2592 Voir
854 2555 909 2593 les
927 2555 1172 2594 instructions
1188 2558 1339 2608 poi-tees
1357 2560 1378 2594 ὸ
1396 2566 1455 2596 cet
1469 2558 1561 2596 esset
1580 2569 1649 2607 par

231 2611 269 2650 le
290 2612 467 2664 seigneur
483 2613 530 2652 de
548 2614 826 2652 Concressault.
848 2615 1008 2667 Lenglet
1023 2615 1258 2668 Dufi·csn0y,
1282 2619 1504 2664 Commines,
1524 2625 1549 2657 t.
1574 2618 1645 2662 ΠΙ,

232 2685 272 2723 p.
299 2673 391 2711 124.

289 2733 325 2769 3.
361 2747 376 2764 α
394 2733 445 2768 Ε5
463 2731 594 2771 hables
613 2733 661 2772 de
679 2735 915 2773 Honnesseut·
932 2744 970 2774 et
988 2737 1203 2776 Harefleur.
1229 2754 1244 2771 »
1266 2737 1410 2777 Chron.
1433 2735 1563 2774 scand.

288 2792 326 2829 4.
362 2807 380 2823 «ι
400 2793 471 2828 Les
492 2791 606 2830 soii-es
623 2792 670 2830 de
685 2793 723 2830 la
736 2796 955 2843 Pentecote,
973 2798 994 2833 a
1009 2799 1171 2838 Anvers.
1190 2815 1207 2830 υ
1227 2801 1282 2835 La
1298 2798 1500 2835 Pentecote
1517 2794 1646 2833 tomba

233 2857 330 2888 cette
350 2850 472 2888 annee
490 2850 527 2888 le
548 2853 598 2889 10
614 2851 713 2899 juin.
