2054 3470
0 1036 15 1174 *nvi-*Nl*
0 976 7 1025 mm
0 928 10 956 ι»
0 892 6 901 <⁴
0 803 7 863 ‹-2-

4 1560 9 1562 .
0 1465 17 1546 ...μυ
0 1418 14 1457 -τ,
0 1323 17 1410 ,ψη-«μ

743 326 889 382 numi
915 345 1134 381 manus.
1567 341 1644 380 28³

237 435 325 492 vit,
353 444 451 482 tam
479 432 540 480 ad
565 449 615 480 se
637 426 969 497 purgandum,
997 447 1026 478 a
1049 446 1148 494 quo
1186 431 1328 478 talem
1363 432 1646 495 processisse

238 510 640 576 dispensationem
660 519 756 556 tam
772 525 854 556 rex
877 524 1021 573 quam
1046 524 1234 564 omnes,
1262 508 1346 572 qui
1368 507 1644 569 audiebant,

240 587 548 648 mirabantur,
575 585 720 651 quam
749 587 892 633 etiam
915 595 968 633 ut
1000 601 1147 633 manu
1174 586 1303 649 regia
1326 594 1643 643 coerceretur,

239 682 301 714 ne
321 666 369 712 in
401 674 498 713 tam
529 664 806 712 scandalosa
829 674 877 712 et
899 664 1090 729 pessimi
1117 664 1322 729 exempli
1352 662 1526 728 copula
1559 663 1650 709 im-

239 759 368 807 pune
389 751 704 807 permaneret.

305 821 408 867 Hoc
441 829 600 867 autem
634 837 720 885 per
750 835 909 884 regem
945 819 1169 867 Carolum
1201 817 1441 866 intellecto
1456 855 1468 878 ‚
1500 816 1652 882 pluri-

241 896 425 960 busque
452 896 731 943 criminibus
753 896 854 944 aliis
869 934 880 954 ,
906 896 1080 960 quibus
1106 896 1236 943 idem
1258 911 1420 943 comes
1442 904 1551 942 reus
1574 893 1655 941 de-

242 971 482 1038 serebatur
502 989 530 1020 a
553 973 734 1032 multis,
762 989 873 1020 eum
901 973 964 1020 ad
991 973 1173 1020 curiam
1204 988 1340 1019 suam
1371 971 1655 1037 parlamenti

245 1050 515 1097 Parisiensis
554 1051 604 1097 in
641 1051 720 1114 jus
761 1051 976 1099 accersiri
1017 1050 1124 1098 fecit
1145 1053 1179 1106 ¹,
1216 1059 1268 1097 ut
1311 1058 1481 1096 contra
1517 1065 1656 1096 suum

246 1139 604 1195 procuratorem
644 1147 787 1195 super
829 1129 1110 1193 objiciendis
1151 1127 1241 1176 sibi
1285 1126 1566 1175 criminibus
1608 1127 1656 1174 in

243 1206 349 1269 jure
370 1207 707 1272 responderet,
730 1223 949 1270 seseque,
975 1207 1013 1253 si
1048 1216 1231 1272 posset,
1269 1205 1471 1269 legitime
1494 1203 1658 1252 defen-

249 1284 397 1331 deret.
430 1283 527 1331 lllic
549 1294 708 1332 autem
745 1301 1051 1350 comparens,
1075 1284 1165 1331 sub
1195 1292 1373 1331 arresto
1401 1283 1585 1347 positus
1613 1292 1660 1330 et

251 1361 500 1419 inhibitus,
527 1378 589 1408 ne
619 1362 789 1409 urbem
819 1363 970 1428 ipsam
1000 1362 1160 1426 egredi
1193 1370 1521 1426 praesumeret,
1554 1360 1656 1407 fuit.

252 1437 350 1485 lllic
370 1438 512 1501 igitur
532 1437 678 1502 longo
703 1449 917 1503 tempore
948 1439 1150 1503 perstitit
1165 1438 1226 1485 ad
1240 1454 1289 1484 se
1302 1436 1658 1484 defendendum

253 1524 420 1562 contra
452 1516 775 1563 accusationes
806 1532 912 1580 quae
944 1525 1110 1563 contra
1144 1531 1194 1562 se
1225 1513 1658 1579 promovebantur3

254 1601 300 1639 et
320 1609 430 1638 cum
459 1591 618 1639 nullus
647 1593 990 1641 advocatorum
1012 1592 1164 1639 Curiae
1184 1608 1273 1657 pro
1303 1607 1446 1638 causa
1471 1607 1554 1638 sua
1579 1607 1665 1639 au-

254 1668 387 1716 deret
414 1679 634 1734 praestare
654 1671 989 1735 patrocinium,
1017 1671 1120 1735 ipso
1147 1669 1434 1734 postulante,
1455 1669 1663 1718 advoca-

255 1755 332 1793 tus
362 1746 452 1794 sibi
484 1737 622 1795 datus
652 1747 737 1794 fuit
769 1764 854 1813 per
883 1749 1074 1795 Curiam
1098 1748 1170 1794 vir
1191 1747 1393 1794 disertus
1423 1757 1469 1794 et
1490 1747 1540 1794 in
1557 1747 1666 1811 jure

257 1823 435 1887 peritus
449 1859 462 1883 ,
488 1825 708 1887 magister
732 1827 895 1872 Petrus
914 1828 1189 1890 Poignant’,
1210 1825 1456 1888 adjuratus
1479 1841 1507 1872 a
1526 1825 1666 1872 Curia

258 1910 329 1958 ut,
354 1917 498 1964 quam
522 1902 690 1949 melius
711 1912 852 1967 atque
875 1902 1061 1950 fidelius
1082 1913 1257 1968 posset,
1284 1919 1424 1950 suum
1448 1901 1537 1949 sibi
1560 1918 1670 1950 con-

259 1979 416 2025 silium
451 1989 594 2044 atque
625 1981 943 2045 patrocinium
971 1981 1249 2044 impertiret.
1277 1980 1393 2040 Qui,
1428 1989 1536 2044 post
1559 1979 1669 2027 lon-

261 2071 368 2118 gam
410 2072 656 2121 processus
679 2067 726 2104 et
754 2074 903 2105 causae
934 2057 1300 2118 deductionem,
1339 2074 1451 2104 cum
1485 2057 1670 2105 videret

261 2149 395 2190 eum,
422 2133 460 2179 si
494 2150 595 2180 rem
622 2134 826 2197 judicari
853 2145 1170 2201 exspectaret,
1198 2136 1246 2183 in
1271 2135 1534 2183 maximum
1563 2135 1671 2183 vitae

263 2218 309 2255 et
341 2219 488 2257 status
516 2211 588 2257 sui
622 2211 886 2276 periculum
918 2229 975 2260 ac
1005 2211 1259 2260 discrimen
1292 2229 1432 2278 posse
1467 2211 1667 2272 adduci,

263 2287 515 2335 consilium
543 2277 768 2353 praebuit,
798 2299 1024 2353 tanquam
1047 2291 1284 2355 optimum
1309 2289 1400 2338 sibi
1429 2300 1571 2355 atque
1601 2306 1673 2337 sa·

226 2432 233 2439 ¹
265 2362 597 2428 luberrimum,
624 2376 678 2412 ut
694 2367 755 2414 de
777 2366 885 2430 fuga
910 2377 1093 2414 mature
1117 2368 1345 2431 cogitaret
1366 2386 1376 2414 ε
1400 2367 1534 2432 quod
1562 2366 1668 2427 sibi,

266 2455 365 2486 non
392 2441 539 2488 modo
575 2442 711 2502 utile,
737 2443 820 2490 sed
848 2453 895 2490 et
923 2445 1241 2491 necessarium
1266 2461 1366 2492 esse
1388 2454 1517 2492 ratus
1545 2453 1668 2504 erat,
1726 2432 1735 2445 s

269 2515 308 2561 si
326 2515 480 2564 salvus
502 2535 604 2566 esse
625 2519 779 2567 vellet.

334 2592 466 2640 Clam
497 2594 686 2643 adscitis
713 2595 822 2644 fidis
849 2596 1128 2645 satellitibus
1160 2614 1214 2645 ac
1241 2597 1496 2646 comitibus
1512 2632 1525 2655 ,
1563 2613 1673 2644 cum

326 2712 364 2750 1.
395 2713 452 2748 En
473 2714 590 2751 1457.

327 2769 364 2807 2.
385 2767 427 2819 ΔΙΙ
462 2769 594 2808 devint
624 2785 677 2810 un
707 2786 946 2826 personnage
979 2774 1245 2815 considerable
1276 2789 1367 2815 sous
1390 2775 1507 2814 Louis
1526 2777 1596 2813 XI.
1622 2776 1674 2813 Ce

274 2827 366 2877 qu'il
388 2829 426 2866 fit
446 2841 545 2879 pour
562 2830 596 2868 le
616 2841 738 2870 comte
760 2833 1015 2886 d'Armagnac
1036 2835 1090 2873 lui
1109 2835 1216 2875 valut
1236 2836 1274 2874 la
1291 2844 1392 2875 terre
1409 2835 1674 2887 d'Entragues.
