2054 3470
382 352 458 388 162
745 350 1086 389 HISTORIARUM
1113 350 1350 388 LUDOVICI
1376 350 1433 387 XI

849 539 1188 586 CAPITULUM
1222 541 1322 586 XV.

445 676 496 709 De
511 674 691 709 immensis
707 674 962 710 calamitatibus
973 688 1060 722 quas
1074 689 1175 724 passa
1190 684 1240 712 est
1254 676 1476 712 Normannia
1487 703 1497 720 ,
1514 684 1587 711 tam
1601 688 1622 711 a
1639 688 1720 724 rege

689 740 795 774 quam
809 741 830 763 a
845 729 917 765 suis
931 730 1100 766 militibus
1113 739 1146 766 et
1158 739 1261 778 gente
1277 731 1477 766 Britonum.

442 853 625 897 Interea
658 858 818 896 autem
855 866 964 912 rex,
1004 866 1116 897 cum
1146 858 1296 898 totam
1329 850 1419 897 sibi
1455 849 1794 897 Normanniam

374 927 628 993 subigeret,
655 928 844 993 quantis
860 927 938 975 illa
959 928 1130 976 misera
1152 938 1279 977 terra
1295 927 1642 977 calamitatibus
1662 943 1795 976 com-

375 1005 499 1072 pleta
519 1007 576 1054 sit
604 1016 651 1053 et
679 1005 897 1053 confecta
928 1023 1027 1053 non
1059 1016 1129 1053 est
1153 1006 1288 1054 facile
1317 1007 1379 1055 ad
1404 1007 1697 1071 condignum
1719 1022 1790 1053 re-

370 1083 511 1131 ferre.
532 1087 595 1131 Ex
613 1100 708 1131 una
728 1093 879 1150 parte,
901 1093 946 1131 et
965 1083 1141 1149 ubique
1165 1101 1316 1149 paene,
1338 1095 1438 1133 tota
1463 1086 1585 1150 regis
1604 1085 1787 1144 militia,

376 1161 521 1208 effusa
553 1179 640 1227 per
662 1179 799 1225 agros
815 1198 827 1221 ‚
855 1178 1087 1228 pauperes
1111 1162 1311 1210 rusticos
1335 1179 1566 1226 agrorum
1587 1162 1795 1210 cultores

375 1239 477 1286 sine
502 1230 597 1286 ulla
619 1239 923 1287 miseratione
948 1238 1172 1298 vexabat,
1216 1256 1386 1287 eorum
1417 1232 1548 1287 bona
1570 1236 1797 1304 diripiens

373 1326 420 1363 et
432 1332 743 1378 consumens;
767 1334 826 1364 ex
839 1316 983 1364 altera
996 1333 1110 1364 vero
1126 1326 1278 1382 parte,
1301 1334 1468 1367 versus
1484 1316 1792 1376 Britanniam,

373 1393 453 1441 illa
492 1394 744 1441 Britonum
782 1395 979 1454 militia,
1017 1394 1068 1441 in
1106 1411 1239 1442 suam
1280 1404 1522 1443 revertens
1555 1393 1789 1459 patriam,

376 1472 539 1520 omnia
560 1471 838 1537 populabat.
865 1473 1027 1535 Neque
1049 1472 1178 1519 enim
1201 1472 1481 1520 victualibus
1495 1510 1508 1535 ‚
1542 1488 1648 1536 quae
1666 1468 1795 1537 apud

377 1549 578 1597 rusticos
607 1550 915 1611 invenerant,
952 1550 1063 1597 satis
1095 1560 1196 1597 erat
1225 1550 1292 1597 eis
1320 1550 1499 1598 ventris
1539 1549 1798 1613 ingluviem

378 1636 615 1687 saturare,
643 1627 829 1693 sibique
863 1636 910 1675 et
940 1628 1074 1693 equis
1106 1644 1161 1675 ac
1182 1627 1409 1692 jumentis
1442 1621 1554 1675 cum
1585 1626 1794 1692 hospitio

378 1705 612 1771 pabulum
648 1706 790 1771 gratis
822 1706 1071 1766 invenire3
1114 1706 1200 1753 sed
1234 1707 1448 1772 ipsorum
1487 1703 1704 1753 vehicula
1751 1711 1798 1751 et

381 1783 633 1848 quadrigas
669 1783 978 1849 accipienteS,
1017 1780 1304 1831 rusticorum
1336 1800 1533 1831 omnem
1566 1781 1797 1848 supellec-

382 1861 529 1922 tilem,
556 1862 768 1926 quamvin
788 1878 957 1908 eorum
980 1860 1205 1908 domibus
1229 1862 1492 1926 reperirent
1507 1896 1520 1921 ‚
1549 1859 1726 1909 vectari
1746 1857 1796 1906 in

383 1954 517 1986 suam
560 1939 761 2004 patriam
796 1940 845 1985 in
881 1937 1159 2002 hujusmodi
1203 1938 1446 2003 quadrigis
1489 1947 1535 1985 et
1568 1935 1799 1984 vehiculis

381 2015 632 2063 faciebant.
658 2019 881 2064 Armenta
901 2033 1095 2081 quoque
1109 2053 1121 2076 ‚
1156 2026 1202 2064 et
1225 2017 1388 2064 ovium
1410 2032 1493 2064 seu
1511 2031 1763 2081 caprarum
1782 2052 1795 2077 ,

383 2103 466 2140 aut
487 2111 746 2159 porcorum
765 2110 928 2156 greges
943 2131 954 2152 ,
989 2102 1228 2157 quotquot
1250 2093 1464 2141 invenire
1488 2102 1709 2158 possent,
1736 2092 1798 2140 si-

385 2170 557 2218 militer
576 2169 879 2218 abducebant
903 2188 912 2215 ε
939 2169 1028 2217 sibi
1051 2170 1260 2235 praedam
1287 2187 1342 2217 ex
1368 2170 1457 2232 his,
1487 2185 1800 2234 quaecumque

384 2250 509 2316 apud
535 2250 695 2315 patriae
716 2249 902 2297 accolas
926 2267 1012 2314 per
1031 2266 1170 2313 agros
1193 2266 1293 2297 sese
1316 2250 1604 2314 objicerent,
1632 2249 1801 2297 facien-

382 2337 481 2386 teS‚
517 2327 775 2391 omniaque
807 2327 1043 2392 rapientes
1078 2336 1306 2392 tanquam
1346 2328 1395 2374 in
1432 2336 1566 2395 terrae
1601 2326 1800 2391 alicujus

381 2404 545 2452 hostili
566 2402 845 2453 vastatione.
874 2404 1013 2452 Unde
1036 2421 1125 2452 nec
1151 2405 1394 2470 tripodaS‚
1433 2405 1506 2453 vel
1530 2404 1765 2453 andenas¹
1779 2440 1794 2465 ,

383 2492 465 2531 aut
487 2482 709 2542 cacabos,
735 2499 818 2530 seu
841 2481 1103 2546 quidquam
1128 2482 1237 2529 ferri
1263 2492 1346 2530 aut
1379 2482 1569 2529 alterius
1592 2481 1796 2543 metalli,

383 2560 456 2609 vel
487 2561 754 2621 lectorum,
794 2570 876 2607 aut
900 2559 1047 2607 laneae
1079 2560 1177 2607 sive
1206 2561 1340 2608 lineae
1374 2558 1699 2625 supellectiliS,
1738 2556 1800 2607 ad

382 2656 488 2705 quae
510 2655 680 2686 manus
700 2638 888 2685 mittere
910 2638 1203 2703 potuissent,
1231 2638 1281 2684 in
1307 2636 1456 2685 domo
1480 2637 1638 2702 aliqua
1659 2637 1800 2684 relin-

382 2713 616 2778 quebant,
645 2714 808 2762 omnia
830 2713 1075 2776 tollentes,
1104 2714 1267 2762 omnia
1286 2713 1545 2777 abigentes.
1578 2716 1695 2772 Quae
1725 2728 1800 2760 res

433 2855 473 2892 1.
504 2854 682 2902 Audena,
699 2851 851 2891 landier
869 2865 922 2891 ou
941 2852 1093 2891 chenet.
