2054 3470
482 287 532 323 66
840 284 1183 322 HISTORIARUM
1210 285 1446 323 LUDOVICI
1472 287 1530 322 XI

479 372 750 437 promisisse
769 372 867 435 regi
890 374 1161 436 Aragonum
1188 372 1465 435 ferebatur),
1493 375 1782 420 Francorum
1804 389 1884 420 rex

479 465 577 496 non
602 449 700 512 regi
722 451 1017 512 Aragonum,
1041 449 1123 496 sed
1149 449 1239 496 sibi
1272 452 1430 514 potius
1467 466 1549 496 eos
1582 451 1885 514 acquisivisse

478 526 701 574 ostendit.
732 529 852 573 Nam
880 526 941 573 ab
969 525 1191 573 omnibus
1219 526 1426 573 vassallis
1458 535 1503 572 et
1532 525 1755 587 subditis,
1786 536 1883 574 tam

476 601 717 649 nobilibus
735 619 880 666 quam
899 602 1118 667 plebeiis,
1145 612 1438 649 sacramenta
1465 602 1677 667 homagii
1701 612 1748 650 et
1768 602 1884 651 fide-

473 679 616 728 litatis
640 682 814 744 exegit,
845 696 1029 745 suoque
1052 682 1248 728 nomine
1286 680 1510 728 officiales
1538 697 1627 746 pro
1657 681 1885 729 custodiis

470 759 651 805 arcium
684 768 731 805 et
761 768 1048 816 castrorum,
1074 769 1120 805 ct
1151 759 1268 805 alios
1292 775 1621 824 quoscumque
1647 759 1807 824 posuit
1837 769 1884 807 et

471 836 689 884 instituit.
713 838 828 892 Quae
850 850 924 882 res
945 835 1161 900 plurimis
1182 852 1238 882 ex
1259 836 1326 882 eis
1348 836 1590 883 nobilibus
1612 846 1658 882 et
1681 836 1783 883 aliis
1801 853 1884 901 po-

470 912 619 977 pulis¹
640 912 949 959 vehementer
971 911 1209 977 displicuit
1219 931 1232 972 3
1264 913 1354 977 ipsi
1386 929 1580 976 quoque
1610 915 1882 977 Aragonum

469 992 568 1054 regi
586 991 688 1055 (qui
709 990 798 1037 sibi
819 990 1031 1051 eosdem,
1057 1000 1198 1054 atque
1221 990 1339 1038 alios
1361 991 1561 1039 rebelles
1585 991 1690 1052 sibi,
1719 993 1882 1057 acqui-

469 1068 644 1115 rendos
689 1069 1055 1128 existimaverat,
1099 1068 1247 1115 tribus
1290 1071 1452 1116 castris
1497 1087 1587 1134 pro
1631 1072 1882 1119 securitate

464 1161 661 1192 summae
684 1145 923 1209 promissae
945 1145 994 1191 in
1017 1144 1237 1192 manibus
1258 1148 1549 1193 Francorum
1582 1147 1704 1209 regis
1739 1146 1881 1195 tradi-

465 1222 540 1281 tis,
558 1232 610 1268 ut
627 1239 771 1287 supra
791 1223 1059 1287 retulimus)
1081 1223 1276 1269 minime
1290 1233 1420 1285 grata
1436 1223 1541 1270 fuit.
1559 1223 1652 1271 Sed
1672 1224 1880 1272 fortassis

463 1299 558 1347 hoc
577 1300 788 1363 ejusdem
806 1301 929 1364 regis
951 1301 1053 1347 aliis
1075 1300 1283 1347 exhibita
1305 1300 1518 1364 exigebat
1538 1300 1656 1348 fides
1677 1312 1743 1359 ut,
1763 1319 1882 1367 quo-

464 1376 613 1424 modo
635 1378 737 1424 aliis
759 1378 1036 1425 servavisset
1052 1415 1064 1438 ,
1087 1378 1291 1424 invicem
1311 1394 1503 1441 quoque
1525 1379 1574 1425 in
1595 1395 1706 1425 eum
1724 1380 1881 1426 incur-

462 1453 596 1500 risset
620 1470 648 1500 a
670 1471 768 1518 quo
791 1454 880 1501 sibi
903 1453 1138 1502 consimili
1162 1464 1208 1500 et
1230 1455 1334 1519 pari
1364 1454 1631 1518 integritate
1668 1471 1878 1504 servare-

463 1539 555 1577 tur.
583 1532 770 1578 Invenit
794 1531 922 1578 enim
944 1531 1149 1579 venandi
1175 1531 1455 1578 consocium
1478 1533 1563 1596 qui
1585 1542 1741 1597 partes
1760 1533 1875 1593 sihi,

465 1617 515 1653 ut
542 1609 707 1672 AEsopi
741 1608 899 1656 fabula
931 1619 1066 1656 vetus
1102 1608 1272 1670 babet,
1298 1609 1454 1656 instar.
1476 1609 1630 1656 leonis
1663 1610 1837 1658 faceret
1863 1630 1873 1658 z

462 1695 682 1748 expertus
716 1687 930 1750 profecto
964 1686 1099 1751 quod
1130 1703 1242 1734 vera
1279 1696 1327 1733 et
1360 1686 1618 1734 infallibilis
1655 1686 1734 1734 illa
1760 1688 1878 1751 juris

462 1762 611 1809 civilis
649 1763 811 1827 regula
848 1765 1036 1811 exsistat
1065 1781 1075 1808 :
1118 1784 1141 1807 ε(
1179 1763 1533 1810 Potentioribus
1563 1763 1704 1810 nobis
1741 1780 1877 1828 pares

463 1854 563 1885 esse
587 1856 685 1886 non
713 1857 984 1904 possumus.
1008 1861 1030 1883 n

529 1919 585 1962 Et
603 1916 773 1963 talibus
795 1917 943 1963 modo
960 1927 1102 1980 atque
1120 1917 1300 1964 artibus
1316 1917 1435 1964 fines
1450 1917 1584 1980 regni
1600 1917 1691 1978 sui,
1715 1933 1876 1965 versus

463 1991 808 2039 Celtiberorum
835 2003 1019 2056 gentes,
1051 1993 1320 2040 Ludovicus
1344 2010 1426 2040 rex
1447 1997 1740 2040 Francorum
1763 2010 1875 2058 pro-

460 2069 675 2131 pagavit3
699 2069 759 2116 de
779 2070 1045 2116 Barcinona
1063 2079 1222 2117 autem
1243 2081 1384 2133 atque
1407 2070 1509 2117 aliis
1528 2070 1719 2135 oppidis
1742 2080 1788 2117 et
1813 2072 1877 2118 ci·-

460 2146 698 2205 vitatibus,
725 2163 829 2210 quae
857 2148 905 2193 in
938 2146 1198 2194 rebellione
1224 2147 1562 2212 persistebant,
1589 2147 1874 2196 edomandis

459 2223 578 2269 nihil
600 2240 650 2271 se
674 2225 862 2288 penitus
887 2241 1054 2271 curare
1078 2225 1302 2272 ostendit.
1333 2225 1477 2282 Quod
1501 2226 1550 2272 in
1575 2241 1874 2289 consequen-

458 2301 584 2348 tibus
608 2318 695 2348 suo
718 2301 827 2349 loco
850 2302 1137 2349 luculentius
1158 2302 1422 2368 apparebit.

513 2437 528 2472 1
541 2465 550 2474 .
581 2435 707 2473 Plutot
722 2422 987 2486 popularibus.
