2054 3470
394 325 470 361 218
763 325 1100 364 HISTORIARUM
1129 326 1365 364 LUDOVICI
1392 327 1447 363 XI

834 599 1033 652 LIBER
1080 601 1383 654 TERTIUS.

736 949 1128 995 CAPITULUM
1183 950 1462 996 PRIMUM.

397 1087 449 1121 De
478 1087 629 1133 appulsu
646 1086 782 1121 comitis
805 1085 849 1120 de
866 1086 1034 1128 Warviffl,
1054 1085 1099 1121 de
1117 1086 1239 1133 Anglia
1260 1086 1412 1133 fugitivi,
1432 1085 1476 1122 ad
1500 1087 1619 1123 littora
1639 1089 1816 1124 Nox-man-

443 1140 523 1184 niae,
546 1154 627 1175 cum
649 1140 770 1188 praeda
785 1140 938 1187 plurima
957 1139 1002 1174 de
1026 1140 1176 1174 navibus
1193 1149 1226 1174 et
1246 1140 1351 1175 bonis
1371 1140 1594 1176 subditorum
1609 1141 1710 1178 ducis
1725 1143 1818 1178 Bur-

444 1195 601 1242 gundiae3
621 1205 655 1230 et
674 1208 755 1230 cum
768 1204 901 1241 quanto
917 1195 1035 1230 favore
1052 1207 1072 1229 a
1088 1207 1170 1241 rege
1185 1195 1407 1229 Francorum
1423 1204 1589 1242 exceptus
1606 1195 1685 1231 fuit.

463 1317 600 1362 Anno
618 1315 760 1379 igitur
777 1332 887 1374 Lxx,
910 1315 1122 1380 perfidus
1138 1315 1215 1363 ille
1234 1326 1377 1381 atque
1394 1316 1646 1363 sceleratus
1661 1332 1819 1363 comes

397 1393 457 1441 de
485 1393 733 1453 Walw‘elc,
765 1394 871 1457 qui,
908 1403 961 1440 ut
994 1410 1137 1459 supra
1163 1394 1274 1441 satis
1297 1411 1324 1442 a
1346 1393 1487 1440 nobis
1512 1394 1683 1441 exstitit
1704 1393 1821 1442 rela-

397 1482 523 1529 tum,
561 1471 671 1518 odia
700 1481 747 1518 et
778 1471 1039 1518 simultates
1067 1471 1319 1518 adversum
1353 1471 1629 1519 Edoardum
1659 1488 1819 1535 regem

397 1549 601 1612 tegebat,
626 1549 831 1597 maxime
854 1548 918 1596 ob
941 1549 991 1595 id
1014 1549 1164 1613 quod,
1192 1559 1353 1614 spreto
1373 1566 1482 1613 rege
1505 1552 1815 1607 Francorum,

398 1644 508 1675 cum
528 1644 626 1693 quo
642 1627 866 1675 eumdem
884 1627 1159 1675 Edoardum
1180 1628 1409 1675 amicitias
1433 1627 1658 1692 copulare
1679 1643 1822 1693 exop-

399 1713 536 1766 tamt,
567 1704 720 1752 soedus
743 1705 843 1769 ipse
867 1722 978 1752 cum
1002 1703 1125 1751 duce
1151 1703 1546 1768 Burgundionum
1570 1704 1823 1769 percussis-

399 1792 469 1829 set
512 1782 858 1846 astiuitatesque
899 1791 946 1828 et
988 1781 1221 1828 amicitias
1258 1781 1579 1840 conciliasset,
1626 1780 1821 1827 tandem

399 1875 511 1906 cum
533 1863 724 1906 eorum¹
740 1860 999 1922 Anglorum
1024 1875 1133 1921 rege
1153 1859 1199 1904 in
1221 1867 1432 1922 apertam
1457 1867 1502 1903 et
1522 1856 1820 1904 manifestam

400 1934 745 1983 dissensionem
770 1936 944 2000 erupit,
969 1935 1316 1997 insurrexilque
1335 1944 1502 1981 contra
1523 1950 1652 1995 eum,
1670 1950 1822 1998 popu-

399 2013 569 2059 larium
608 2013 912 2059 multitudine
949 2012 1165 2059 collecta.
1210 2012 1298 2057 Cui
1337 2027 1416 2057 rex
1432 2048 1444 2070 ‚
1487 2012 1646 2057 statim
1684 2020 1738 2057 ut
1771 2010 1821 2058 id

400 2090 610 2154 agnovit,
637 2107 747 2136 cum
770 2089 989 2155 expedita
1014 2088 1204 2135 militari
1226 2105 1372 2135 manu
1395 2088 1566 2135 obvius
1587 2088 1818 2149 occurrit,

400 2184 499 2214 non
530 2169 807 2232 permittens
841 2167 1027 2230 longius
1057 2167 1179 2213 vires
1208 2165 1297 2213 sibi
1329 2180 1597 2214 accrescere
1625 2182 1710 2212 seu
1741 2165 1824 2212 ob-

402 2256 560 2293 ortum
583 2256 630 2293 et
645 2248 886 2310 inceptum
906 2245 1046 2292 latius
1066 2246 1313 2311 pervagari
1331 2244 1631 2306 incendium3
1649 2245 1824 2308 acujus

401 2333 659 2389 conspectu
679 2334 726 2370 et
745 2340 945 2370 occursu
971 2324 1152 2386 fugiens
1172 2323 1251 2370 ille
1275 2323 1506 2388 perfidus,
1529 2339 1641 2370 cum
1659 2322 1823 2385 viginti

401 2412 482 2449 aut
506 2402 696 2464 triginta
719 2401 922 2448 navibus
938 2439 950 2460 ‚
985 2417 1102 2465 quas
1125 2402 1377 2448 instructas
1405 2399 1635 2461 habebat,
1662 2416 1688 2446 e
1719 2408 1822 2446 toto

401 2495 549 2542 regno
575 2478 801 2525 excedere
825 2489 894 2525 est
919 2478 1235 2542 compulsus2.

468 2556 674 2603 Veniens
711 2557 870 2620 itaque
910 2556 1132 2620 fugitivus
1169 2565 1217 2603 et
1256 2555 1417 2614 exsul,
1459 2554 1543 2601 sed
1583 2570 1684 2600 non
1722 2553 1824 2600 sine

404 2634 568 2692 aeragio
603 2643 649 2681 et
690 2634 898 2698 plurima
947 2632 1238 2698 supellectile
1272 2633 1501 2698 pretiosa,
1540 2629 1723 2696 appulit
1763 2627 1823 2676 ad

461 2776 496 2810 1.
529 2771 637 2811 Lisez
655 2771 779 2823 plutct
799 2773 941 2811 eodem.

460 2834 499 2872 2.
533 2835 592 2869 Au
613 2831 710 2869 mois
733 2831 781 2869 de
805 2831 881 2869 mai
903 2833 1021 2869 1470.
