2054 3470
742 324 887 360 mmm
913 322 1143 370 QUINTUS.
1577 322 1653 358 399

239 411 558 459 munitionem
579 408 816 457 locaverat
831 445 845 469 ,
872 409 1107 457 faciebant
1120 446 1133 470 ,
1159 409 1210 456 in
1236 418 1412 456 terram
1441 418 1490 456 et
1517 425 1657 473 agros

240 484 726 552 Luxemburgensium
758 487 980 535 incendia
1013 487 1285 551 frequenter
1314 488 1583 548 mittentes,
1611 497 1658 534 et

238 565 495 620 hominum
527 573 668 629 atque
701 563 982 611 animalium
1012 574 1389 627 caeterorumque
1413 563 1658 611 bonorum

240 643 423 709 praedas
447 651 638 707 agentes
671 641 919 706 quotidie;
945 641 1121 705 quibus
1155 640 1470 689 subveniebat
1500 641 1659 688 nullus

241 722 323 768 eo¹
356 719 487 785 quod
517 720 568 767 in
606 728 705 766 tota
729 719 884 784 patria
923 717 1056 766 nulla
1091 718 1295 766 militum
1330 717 1547 785 praesidia
1582 717 1658 766 vel

242 796 434 845 dimissa
450 833 463 857 ,
484 797 560 844 vel
581 796 814 844 collocata
837 812 865 843 a
887 795 1011 843 duce
1029 796 1328 843 exstitissent.

306 872 401 920 Sed
433 889 711 938 quanquam
744 872 844 919 haec
878 873 1043 921 omnia
1073 873 1184 920 satis
1219 889 1392 936 angere
1430 873 1661 920 deberent

243 948 638 1014 Burgundionum
658 949 829 996 ducem
853 985 864 1008 ,
890 949 966 996 cui
987 986 999 1008 ‚
1028 965 1141 996 cum
1166 949 1494 1014 superioribus
1515 948 1661 996 cladi-

242 1025 359 1084 bus,
387 1027 530 1074 etiam
560 1027 650 1075 ista
674 1043 775 1074 non
800 1042 971 1092 parvas
989 1025 1198 1090 jacturas
1231 1036 1278 1074 et
1305 1026 1482 1076 damna
1515 1026 1662 1074 affer-

242 1113 375 1166 rent,
400 1114 561 1152 tamen
596 1104 754 1152 statim
785 1120 811 1151 e
837 1103 1036 1167 vestigio
1073 1104 1164 1151 alia
1194 1103 1403 1152 deterior
1423 1103 1662 1170 praedictis

244 1177 430 1246 adjecta
450 1190 537 1229 est.

307 1261 416 1306 Dux
436 1260 567 1307 enim
588 1297 602 1321 ,
632 1274 778 1323 quem
812 1258 1018 1306 diximus
1034 1296 1046 1320 ,
1078 1258 1397 1322 Lotbaringiae
1415 1295 1428 1319 ,
1466 1275 1577 1306 cum
1606 1275 1662 1305 ex

246 1337 386 1385 ruina
416 1347 464 1385 et
497 1336 640 1384 rebus
671 1336 881 1384 adversis
900 1373 912 1396 ,
946 1353 1066 1401 quas
1086 1337 1334 1384 invenerat
1365 1335 1665 1400 Burgundio-

246 1431 366 1462 num
404 1414 503 1462 dux
546 1424 713 1462 contra
745 1414 983 1462 Suitenses
1003 1451 1017 1474 ,
1049 1415 1160 1462 satis
1189 1415 1408 1479 pervium
1446 1414 1535 1460 iter
1575 1412 1663 1460 sibi

247 1492 424 1540 factum
454 1491 638 1540 videret
661 1491 724 1540 ad
758 1491 1143 1557 recuperandum
1166 1501 1314 1539 terras
1344 1508 1454 1539 suas
1486 1491 1663 1538 Lotha-

246 1570 438 1634 ringiae,
470 1569 680 1617 collectis
712 1570 888 1635 copiis,
933 1585 1051 1634 quas
1089 1579 1193 1616 tum
1232 1586 1289 1616 ex
1322 1569 1630 1632 Lotharingia
1649 1605 1661 1626 ‚

248 1655 351 1693 tum
395 1663 425 1694 a
463 1646 659 1712 praefato
699 1645 874 1693 comite
911 1645 972 1693 de
1012 1645 1204 1705 Bisa-he,
1230 1654 1334 1692 tum
1372 1662 1398 1692 a
1442 1645 1667 1692 Suitensi-

247 1721 340 1770 bus
386 1732 432 1770 et
475 1724 553 1771 eis*
583 1722 822 1770 foederatis
864 1733 1164 1787 aggregarat,
1220 1723 1268 1769 in
1311 1722 1667 1787 Lotharingiam

249 1800 406 1848 rediit.
460 1803 700 1864 Ingressus
741 1817 888 1860 vero,
924 1817 1036 1848 cum
1077 1817 1182 1847 eam
1226 1800 1577 1848 munitionibus
1621 1811 1669 1848 et

250 1877 478 1944 pmidiis
521 1877 922 1942 Burgundionum
970 1879 1206 1925 inveniret
1248 1894 1474 1938 vacuam,
1501 1878 1668 1943 paucis

251 1954 420 2002 diebus
453 1963 603 2002 totam
634 1954 783 2001 ferme
807 1955 855 2001 in
888 1954 1183 2002 deditionem
1221 1955 1405 2020 accepit
1424 1992 1436 2016 ,
1468 1954 1669 2002 volenti-

250 2031 343 2079 bus
370 2032 534 2096 utique
564 2041 611 2078 et
642 2035 798 2079 Deum
822 2032 1029 2097 proinde
1059 2032 1365 2080 laudantibus
1397 2049 1453 2080 ac
1473 2032 1670 2080 benedi-

253 2109 471 2158 centibus
490 2110 653 2174 patriae
671 2110 847 2157 accolis
862 2148 875 2172 ,
903 2110 1036 2175 quod
1059 2127 1108 2158 se
1130 2110 1337 2158 naturali
1359 2127 1447 2158 suo
1465 2111 1671 2176 principi

255 2186 464 2235 dedendi
486 2196 629 2251 atque
650 2187 932 2234 restituendi
965 2187 1238 2238 facultatem
1263 2197 1310 2234 et
1336 2189 1670 2253 opportunita-

254 2276 353 2315 tem
373 2265 552 2314 eisdem
586 2266 833 2312 attulisset.
862 2265 1029 2314 Solum
1058 2267 1182 2314 inter
1203 2276 1370 2314 caetera
1391 2268 1668 2329 Naneeyum

255 2343 458 2404 mansit,
482 2343 533 2389 in
556 2358 655 2406 quo
682 2341 915 2390 nonnulla
932 2380 944 2404 ,
971 2343 1065 2390 sed·
1087 2343 1259 2408 pusilla
1286 2344 1396 2391 satis
1411 2379 1424 2404 ,
1455 2346 1670 2406 Burgun-

257 2420 458 2468 dionum
479 2430 615 2468 erant
635 2419 867 2485 praesidia.

313 2581 352 2617 1.
384 2582 436 2617 Et
457 2579 551 2618 dans
568 2579 604 2618 le
623 2593 695 2620 mS.
