2054 3470
736 361 882 399 LIBER
907 359 1106 399 PRIMUS.
1432 386 1444 389 -
1549 393 1551 395 ,
1582 360 1633 399 83

217 463 265 502 et
293 451 443 501 divini
469 461 612 516 atque
638 448 838 496 humani
860 449 980 512 Juris
1006 446 1181 512 ignari,
1209 445 1321 493 solis
1343 445 1632 510 quibusdam

217 527 642 579 consuetudinibus
656 537 703 574 et
720 525 884 573 usibus
899 525 1156 572 innitentes
1179 523 1318 588 (quas
1342 532 1500 570 tamen
1521 539 1634 570 con-

217 607 490 657 suetudines
520 604 811 669 frequentius
844 604 893 651 in
922 603 1179 669 pessimum
1213 612 1261 649 et
1291 601 1634 667 perniciosissi-

218 702 351 734 mum
371 683 572 733 abusum
596 682 906 747 detorquent,
933 691 980 728 et
1002 697 1100 738 eaS,
1127 689 1274 746 prout
1298 696 1385 727 suo
1409 678 1630 744 quaestui,

217 762 295 810 cui
313 778 498 827 semper
515 759 716 820 inhiant,
737 758 966 806 inducere
983 757 1290 817 arbitrantur,
1310 756 1497 821 fingunt
1513 772 1636 822 saepe

218 848 360 903 atque
386 837 646 902 refingunt,
681 836 897 903 pessimis
928 853 1007 884 eas
1037 834 1508 901 interpretationibus
1531 850 1637 882 cor-

218 916 531 982 rumpentes),
554 916 701 963 totius
721 931 854 980 paene
874 913 1037 980 patriae
1053 914 1262 976 regimen
1283 911 1636 978 amplectuntur

219 1002 267 1041 et
283 993 545 1060 possident,
566 993 632 1041 ita
653 992 786 1057 quod
809 1009 910 1039 non
938 1001 1007 1040 est
1026 1001 1123 1038 tam
1144 1007 1326 1055 magnae
1345 989 1637 1038 auctoritatiS

217 1071 467 1136 quisquam
483 1070 703 1137 praelatus
722 1079 804 1118 aut
821 1069 1011 1131 nobilis,
1034 1070 1115 1134 qui
1134 1086 1232 1116 non
1253 1085 1444 1116 neeesse
1462 1067 1637 1116 habeat

218 1147 396 1196 eisdem
433 1148 603 1213 subjici
637 1147 929 1212 eosdemque
963 1147 1131 1196 vereri.
1171 1150 1239 1194 lta
1268 1147 1395 1194 enim
1430 1146 1636 1193 invicem

216 1225 424 1290 colligati
447 1236 558 1274 sunt
575 1236 620 1274 et
640 1226 855 1274 foederati
877 1235 946 1287 ut,
974 1226 1055 1290 qui
1077 1242 1228 1272 unum
1251 1225 1416 1289 tangit,
1444 1234 1637 1272 caeteros

217 1320 386 1354 omnes
413 1306 618 1369 tetigisse
647 1315 857 1372 putetur.
890 1305 1052 1352 Totius
1079 1305 1240 1371 patriae
1267 1303 1523 1351 tribunalia
1547 1318 1635 1351 suo

216 1391 387 1447 regunt
404 1382 618 1445 arbitrio,
640 1393 688 1430 et
705 1399 795 1449 pro
819 1382 920 1430 aliis
939 1382 1140 1430 statibus
1160 1382 1338 1448 patriae,
1364 1382 1414 1429 in
1435 1379 1637 1447 publicis

216 1462 616 1510 conventionibus
649 1463 890 1523 Statuum,
927 1461 1015 1508 soli
1050 1478 1184 1526 paene
1216 1461 1278 1509 ad
1314 1471 1507 1522 nutum,
1534 1460 1637 1508 vice

217 1539 363 1587 totius
384 1540 572 1605 patriae,
597 1539 862 1588 decernunt
882 1539 1015 1604 quod
1035 1537 1152 1588 libet
1173 1549 1219 1587 et
1240 1539 1515 1588 excludunt.

701 1766 1047 1814 CAPITULUM
1080 1768 1138 1812 X.

212 1895 264 1930 De
277 1895 512 1937 conventione
528 1895 688 1931 statuum
700 1893 892 1942 provinciae
902 1892 1074 1941 ejusdem,
1088 1901 1123 1927 et
1136 1893 1311 1940 legatione
1323 1893 1427 1929 missa
1447 1891 1495 1928 ad
1516 1905 1632 1942 regem

256 1947 512 1995 vanissimoque
533 1946 761 1982 exsultatione
781 1946 906 1994 populi
926 1945 1118 1994 provincia}
1134 1973 1143 1991 ,
1169 1946 1224 1982 vel
1247 1944 1355 1991 dolo,
1380 1947 1434 1982 vel
1456 1945 1632 1995 imperitia

256 2013 403 2037 suorum
414 2002 610 2049 legatorum
623 2000 866 2037 circumventi.

275 2122 334 2167 Et
349 2121 462 2184 quia
479 2119 567 2167 sibi
584 2120 739 2186 perire
756 2118 954 2183 tollique
977 2128 1201 2184 reputant
1219 2118 1456 2184 quidquid
1473 2117 1628 2167 litium

215 2212 561 2262 causarumque
583 2215 609 2244 e
632 2199 726 2245 suis
751 2197 954 2245 elabitur
978 2197 1221 2259 manibus,
1246 2198 1308 2245 ad
1330 2198 1515 2263 aliaque
1540 2199 1630 2246 tri-

212 2271 404 2322 bunalia
427 2274 639 2322 defertur
658 2291 804 2340 quam
829 2278 907 2323 ea¹
927 2276 975 2322 in
1000 2275 1175 2340 quibus
1197 2276 1436 2323 ordinarie
1459 2276 1630 2323 obver-

214 2350 305 2398 sari
326 2351 479 2399 solent
492 2389 504 2412 ,
524 2369 696 2416 magna
718 2352 934 2399 feruntur
950 2369 1138 2417 semper
1156 2353 1335 2400 invidia
1353 2362 1494 2417 atque
1516 2353 1630 2401 odio

215 2427 437 2476 adversus
456 2429 708 2477 officiarios
724 2429 1013 2477 tributorum
1026 2429 1347 2494 publicorum,
1367 2432 1450 2496 qui
1465 2447 1630 2479 causas

215 2506 554 2568 et'quaestiones
567 2523 709 2572 super
720 2506 997 2572 hujusmodi
1011 2506 1195 2554 tributis
1206 2507 1417 2570 obortas,
1437 2510 1632 2556 minime

217 2580 278 2628 ad
309 2582 547 2632 ordinaria
573 2585 778 2648 judicia,
812 2586 896 2633 sed
924 2603 1088 2633 coram
1119 2603 1168 2633 se
1199 2586 1426 2634 duntaxat
1456 2587 1630 2635 deduci

217 2658 474 2720 patiuntur.
497 2663 698 2710 Maxime
715 2664 856 2726 igitur
875 2680 931 2711 ex
943 2663 1100 2711 verbis
1118 2663 1352 2729 praedictis
1369 2682 1454 2731 per
1470 2682 1630 2730 regem

215 2736 411 2799 prolatis
434 2739 728 2788 exsultabant
749 2751 796 2788 et
818 2741 1095 2789 laetabantur
1118 2743 1273 2806 quod,
1297 2743 1359 2790 ad
1386 2744 1628 2808 sequelam

270 2877 307 2912 1.
341 2876 525 2923 Quoniam
543 2887 593 2913 au
609 2874 688 2914 lieu
707 2876 756 2915 de
776 2891 888 2927 quam
907 2892 954 2915 ea
998 2878 1094 2917 dans
1115 2878 1151 2917 le
1170 2879 1255 2932 ms}

447 2958 485 2982 ιι
1416 2954 1439 2989 3
