<?xml version="1.0" encoding="UTF-8"?>
<!DOCTYPE html PUBLIC "-//W3C//DTD XHTML 1.0 Transitional//EN"
    "http://www.w3.org/TR/xhtml1/DTD/xhtml1-transitional.dtd">
<html xmlns="http://www.w3.org/1999/xhtml" xml:lang="en" lang="en">
 <head>
  <title>
</title>
<meta http-equiv="Content-Type" content="text/html;charset=utf-8" />
  <meta name='ocr-system' content='tesseract 3.04.00' />
  <meta name='ocr-capabilities' content='ocr_page ocr_carea ocr_par ocr_line ocrx_word'/>
</head>
<body>
  <div class='ocr_page' id='page_1' title='image "./histoiredesrgn02basiuoft_0264.png"; bbox 0 0 2054 3470; ppageno 0'>
   <div class='ocr_carea' id='block_1_1' title="bbox 400 333 1458 373">
    <p class='ocr_par' dir='ltr' id='par_1_1' title="bbox 400 333 1458 373">
     <span class='ocr_line' id='line_1_1' title="bbox 400 333 1458 373; baseline -0.001 -1"><span class='ocrx_word' id='word_1_1' title='bbox 400 335 480 373; x_wconf 77' lang='lat'><strong>180</strong></span> <span class='ocrx_word' id='word_1_2' title='bbox 767 333 1112 372; x_wconf 83' lang='lat' dir='ltr'><strong>HISTORIARUM</strong></span> <span class='ocrx_word' id='word_1_3' title='bbox 1137 334 1375 372; x_wconf 91' lang='lat' dir='ltr'>LUDOVICI</span> <span class='ocrx_word' id='word_1_4' title='bbox 1401 335 1458 371; x_wconf 88' lang='lat' dir='ltr'><strong>XI</strong></span> 
     </span>
    </p>
   </div>
   <div class='ocr_carea' id='block_1_2' title="bbox 387 421 1819 2419">
    <p class='ocr_par' dir='ltr' id='par_1_2' title="bbox 387 421 1819 1644">
     <span class='ocr_line' id='line_1_2' title="bbox 398 421 1817 488; baseline 0.001 -19"><span class='ocrx_word' id='word_1_5' title='bbox 398 422 575 470; x_wconf 87' lang='lat' dir='ltr'>comite</span> <span class='ocrx_word' id='word_1_6' title='bbox 602 422 894 488; x_wconf 86' lang='lat' dir='ltr'><strong>appulissent</strong></span> <span class='ocrx_word' id='word_1_7' title='bbox 909 458 921 482; x_wconf 94' lang='lat'><strong>,</strong></span> <span class='ocrx_word' id='word_1_8' title='bbox 949 422 1306 487; x_wconf 89' lang='lat' dir='ltr'><strong>comperierunt</strong></span> <span class='ocrx_word' id='word_1_9' title='bbox 1324 421 1419 469; x_wconf 93' lang='lat' dir='ltr'><strong>illic</strong></span> <span class='ocrx_word' id='word_1_10' title='bbox 1439 422 1584 470; x_wconf 90' lang='lat' dir='ltr'><strong>etiam</strong></span> <span class='ocrx_word' id='word_1_11' title='bbox 1605 438 1661 469; x_wconf 89' lang='lat' dir='ltr'><strong>ex</strong></span> <span class='ocrx_word' id='word_1_12' title='bbox 1685 431 1817 487; x_wconf 85' lang='lat' dir='ltr'><strong>parte</strong></span> 
     </span>
     <span class='ocr_line' id='line_1_3' title="bbox 397 498 1818 564; baseline 0 -18"><span class='ocrx_word' id='word_1_13' title='bbox 397 498 702 546; x_wconf 88' lang='lat' dir='ltr'><strong>illustrissimi</strong></span> <span class='ocrx_word' id='word_1_14' title='bbox 733 499 913 561; x_wconf 89' lang='lat' dir='ltr'><strong>Caroli,</strong></span> <span class='ocrx_word' id='word_1_15' title='bbox 948 498 1343 564; x_wconf 87' lang='lat' dir='ltr'><strong>Burgundionum</strong></span> <span class='ocrx_word' id='word_1_16' title='bbox 1372 499 1507 546; x_wconf 92' lang='lat' dir='ltr'><strong>ducis</strong></span> <span class='ocrx_word' id='word_1_17' title='bbox 1538 499 1657 563; x_wconf 85' lang='lat' dir='ltr'><strong>(jam</strong></span> <span class='ocrx_word' id='word_1_18' title='bbox 1688 499 1818 546; x_wconf 89' lang='lat' dir='ltr'><strong>enim</strong></span> 
     </span>
     <span class='ocr_line' id='line_1_4' title="bbox 394 575 1818 641; baseline -0.001 -17"><span class='ocrx_word' id='word_1_19' title='bbox 394 578 495 641; x_wconf 90' lang='lat' dir='ltr'><strong>ejus</strong></span> <span class='ocrx_word' id='word_1_20' title='bbox 511 577 712 640; x_wconf 87' lang='lat' dir='ltr'><strong>genitor,</strong></span> <span class='ocrx_word' id='word_1_21' title='bbox 731 589 786 623; x_wconf 87' lang='lat' dir='ltr'><strong>ut</strong></span> <span class='ocrx_word' id='word_1_22' title='bbox 801 576 1025 636; x_wconf 83' lang='lat' dir='ltr'><strong>diximus,</strong></span> <span class='ocrx_word' id='word_1_23' title='bbox 1046 577 1095 623; x_wconf 93' lang='lat' dir='ltr'><strong>in</strong></span> <span class='ocrx_word' id='word_1_24' title='bbox 1114 575 1208 623; x_wconf 83' lang='lat' dir='ltr'><strong>fata</strong></span> <span class='ocrx_word' id='word_1_25' title='bbox 1223 576 1559 640; x_wconf 82' lang='lat' dir='ltr'><strong>concesserat),</strong></span> <span class='ocrx_word' id='word_1_26' title='bbox 1580 576 1818 623; x_wconf 87' lang='lat' dir='ltr'><strong>solemnes</strong></span> 
     </span>
     <span class='ocr_line' id='line_1_5' title="bbox 395 653 1819 719; baseline -0.001 -18"><span class='ocrx_word' id='word_1_27' title='bbox 395 654 574 718; x_wconf 89' lang='lat' dir='ltr'><strong>legatos</strong></span> <span class='ocrx_word' id='word_1_28' title='bbox 610 670 780 701; x_wconf 89' lang='lat' dir='ltr'><strong>eorum</strong></span> <span class='ocrx_word' id='word_1_29' title='bbox 811 654 1094 719; x_wconf 80' lang='lat' dir='ltr'><strong>praevenisse</strong></span> <span class='ocrx_word' id='word_1_30' title='bbox 1126 653 1404 701; x_wconf 89' lang='lat' dir='ltr'><strong>adventum.</strong></span> <span class='ocrx_word' id='word_1_31' title='bbox 1441 657 1547 701; x_wconf 92' lang='lat' dir='ltr'><strong>Non</strong></span> <span class='ocrx_word' id='word_1_32' title='bbox 1578 654 1707 711; x_wconf 87' lang='lat' dir='ltr'><strong>enim</strong></span> <span class='ocrx_word' id='word_1_33' title='bbox 1734 669 1819 700; x_wconf 90' lang='lat' dir='ltr'><strong>ne-</strong></span> 
     </span>
     <span class='ocr_line' id='line_1_6' title="bbox 393 729 1814 795; baseline -0.001 -17"><span class='ocrx_word' id='word_1_34' title='bbox 393 732 518 778; x_wconf 91' lang='lat' dir='ltr'><strong>scius</strong></span> <span class='ocrx_word' id='word_1_35' title='bbox 548 730 949 794; x_wconf 84' lang='lat' dir='ltr'><strong>Burgundionum</strong></span> <span class='ocrx_word' id='word_1_36' title='bbox 975 729 1073 777; x_wconf 85' lang='lat' dir='ltr'><strong>dux</strong></span> <span class='ocrx_word' id='word_1_37' title='bbox 1098 740 1224 791; x_wconf 89' lang='lat' dir='ltr'><strong>erat,</strong></span> <span class='ocrx_word' id='word_1_38' title='bbox 1257 731 1415 795; x_wconf 90' lang='lat' dir='ltr'><strong>qualia</strong></span> <span class='ocrx_word' id='word_1_39' title='bbox 1439 741 1609 779; x_wconf 87' lang='lat' dir='ltr'><strong>contra</strong></span> <span class='ocrx_word' id='word_1_40' title='bbox 1633 748 1682 778; x_wconf 92' lang='lat' dir='ltr'><strong>se</strong></span> <span class='ocrx_word' id='word_1_41' title='bbox 1708 747 1814 792; x_wconf 85' lang='lat' dir='ltr'><strong>rex,</strong></span> 
     </span>
     <span class='ocr_line' id='line_1_7' title="bbox 393 807 1818 874; baseline -0.001 -18"><span class='ocrx_word' id='word_1_42' title='bbox 393 825 479 874; x_wconf 92' lang='lat' dir='ltr'><strong>per</strong></span> <span class='ocrx_word' id='word_1_43' title='bbox 507 809 833 855; x_wconf 83' lang='lat' dir='ltr'><strong>interventum</strong></span> <span class='ocrx_word' id='word_1_44' title='bbox 856 807 981 855; x_wconf 93' lang='lat' dir='ltr'><strong>illius</strong></span> <span class='ocrx_word' id='word_1_45' title='bbox 1005 807 1309 872; x_wconf 87' lang='lat' dir='ltr'><strong>perfidissimi</strong></span> <span class='ocrx_word' id='word_1_46' title='bbox 1333 813 1404 855; x_wconf 93' lang='lat' dir='ltr'><em>W</em></span> <span class='ocrx_word' id='word_1_47' title='bbox 1401 808 1561 856; x_wconf 73' lang='lat' dir='ltr'><strong>arvc&#39;clt</strong></span> <span class='ocrx_word' id='word_1_48' title='bbox 1577 845 1588 867; x_wconf 90' lang='lat'>‚</span> <span class='ocrx_word' id='word_1_49' title='bbox 1615 816 1818 856; x_wconf 83' lang='lat' dir='ltr'><strong>strueret</strong></span> 
     </span>
     <span class='ocr_line' id='line_1_8' title="bbox 393 884 1818 950; baseline 0 -18"><span class='ocrx_word' id='word_1_50' title='bbox 393 895 536 949; x_wconf 89' lang='lat' dir='ltr'><strong>atque</strong></span> <span class='ocrx_word' id='word_1_51' title='bbox 558 884 913 932; x_wconf 85' lang='lat' dir='ltr'><strong>machinaretur</strong></span> <span class='ocrx_word' id='word_1_52' title='bbox 935 885 1206 944; x_wconf 83' lang='lat' dir='ltr'><strong>molimina,</strong></span> <span class='ocrx_word' id='word_1_53' title='bbox 1233 895 1562 950; x_wconf 90' lang='lat' dir='ltr'><strong>quantumque</strong></span> <span class='ocrx_word' id='word_1_54' title='bbox 1585 885 1675 932; x_wconf 91' lang='lat' dir='ltr'><strong>sibi</strong></span> <span class='ocrx_word' id='word_1_55' title='bbox 1697 885 1818 932; x_wconf 88' lang='lat' dir='ltr'><strong>suis-</strong></span> 
     </span>
     <span class='ocr_line' id='line_1_9' title="bbox 392 961 1818 1029; baseline -0.001 -19"><span class='ocrx_word' id='word_1_56' title='bbox 392 980 485 1027; x_wconf 90' lang='lat' dir='ltr'><strong>que</strong></span> <span class='ocrx_word' id='word_1_57' title='bbox 510 962 751 1010; x_wconf 86' lang='lat' dir='ltr'><strong>foederatis</strong></span> <span class='ocrx_word' id='word_1_58' title='bbox 777 971 823 1009; x_wconf 93' lang='lat' dir='ltr'><strong>et</strong></span> <span class='ocrx_word' id='word_1_59' title='bbox 851 961 1053 1008; x_wconf 87' lang='lat' dir='ltr'><strong>subditis</strong></span> <span class='ocrx_word' id='word_1_60' title='bbox 1078 961 1275 1009; x_wconf 89' lang='lat' dir='ltr'><strong>allatura</strong></span> <span class='ocrx_word' id='word_1_61' title='bbox 1300 962 1456 1010; x_wconf 90' lang='lat' dir='ltr'><strong>forent</strong></span> <span class='ocrx_word' id='word_1_62' title='bbox 1482 963 1742 1029; x_wconf 89' lang='lat' dir='ltr'><strong>praejudicii</strong></span> <span class='ocrx_word' id='word_1_63' title='bbox 1770 973 1818 1010; x_wconf 89' lang='lat' dir='ltr'><strong>et</strong></span> 
     </span>
     <span class='ocr_line' id='line_1_10' title="bbox 387 1038 1811 1104; baseline 0 -19"><span class='ocrx_word' id='word_1_64' title='bbox 387 1039 602 1101; x_wconf 78' lang='lat' dir='ltr'><strong>jacturae,</strong></span> <span class='ocrx_word' id='word_1_65' title='bbox 628 1039 667 1085; x_wconf 95' lang='lat' dir='ltr'><strong>si</strong></span> <span class='ocrx_word' id='word_1_66' title='bbox 685 1040 822 1102; x_wconf 85' lang='lat' dir='ltr'><strong>juxta</strong></span> <span class='ocrx_word' id='word_1_67' title='bbox 838 1041 1135 1085; x_wconf 89' lang='lat' dir='ltr'><strong>Francorum</strong></span> <span class='ocrx_word' id='word_1_68' title='bbox 1156 1038 1277 1101; x_wconf 87' lang='lat' dir='ltr'><strong>regis</strong></span> <span class='ocrx_word' id='word_1_69' title='bbox 1295 1048 1462 1085; x_wconf 87' lang='lat' dir='ltr'><strong>votum</strong></span> <span class='ocrx_word' id='word_1_70' title='bbox 1479 1038 1811 1104; x_wconf 88' lang='lat' dir='ltr'><strong>procederent,</strong></span> 
     </span>
     <span class='ocr_line' id='line_1_11' title="bbox 393 1113 1811 1180; baseline 0.001 -18"><span class='ocrx_word' id='word_1_71' title='bbox 393 1125 441 1162; x_wconf 90' lang='lat' dir='ltr'><strong>et</strong></span> <span class='ocrx_word' id='word_1_72' title='bbox 465 1133 570 1180; x_wconf 88' lang='lat' dir='ltr'><strong>quae</strong></span> <span class='ocrx_word' id='word_1_73' title='bbox 604 1115 694 1162; x_wconf 91' lang='lat' dir='ltr'><strong>sibi</strong></span> <span class='ocrx_word' id='word_1_74' title='bbox 726 1116 817 1180; x_wconf 93' lang='lat' dir='ltr'><strong>ipsi</strong></span> <span class='ocrx_word' id='word_1_75' title='bbox 845 1115 921 1162; x_wconf 91' lang='lat' dir='ltr'><strong>ille</strong></span> <span class='ocrx_word' id='word_1_76' title='bbox 951 1113 1162 1180; x_wconf 84' lang='lat' dir='ltr'><strong>perfidus</strong></span> <span class='ocrx_word' id='word_1_77' title='bbox 1186 1132 1349 1162; x_wconf 88' lang='lat' dir='ltr'><strong>comes</strong></span> <span class='ocrx_word' id='word_1_78' title='bbox 1374 1115 1526 1162; x_wconf 88' lang='lat' dir='ltr'><strong>fuerat</strong></span> <span class='ocrx_word' id='word_1_79' title='bbox 1550 1115 1811 1180; x_wconf 89' lang='lat' dir='ltr'><strong>pollicitus,</strong></span> 
     </span>
     <span class='ocr_line' id='line_1_12' title="bbox 392 1191 1816 1257; baseline 0 -18"><span class='ocrx_word' id='word_1_80' title='bbox 392 1193 675 1240; x_wconf 88' lang='lat' dir='ltr'><strong>sortirentur</strong></span> <span class='ocrx_word' id='word_1_81' title='bbox 694 1192 932 1239; x_wconf 85' lang='lat' dir='ltr'><strong>effectum.</strong></span> <span class='ocrx_word' id='word_1_82' title='bbox 953 1191 1091 1238; x_wconf 88' lang='lat' dir='ltr'><strong>Unde</strong></span> <span class='ocrx_word' id='word_1_83' title='bbox 1110 1191 1373 1256; x_wconf 89' lang='lat' dir='ltr'><strong>prudenter</strong></span> <span class='ocrx_word' id='word_1_84' title='bbox 1391 1209 1446 1239; x_wconf 92' lang='lat' dir='ltr'><strong>ac</strong></span> <span class='ocrx_word' id='word_1_85' title='bbox 1468 1192 1706 1257; x_wconf 87' lang='lat' dir='ltr'><strong>sapienter</strong></span> <span class='ocrx_word' id='word_1_86' title='bbox 1723 1193 1816 1239; x_wconf 89' lang='lat' dir='ltr'><strong>ini-</strong></span> 
     </span>
     <span class='ocr_line' id='line_1_13' title="bbox 394 1269 1816 1334; baseline 0.001 -18"><span class='ocrx_word' id='word_1_87' title='bbox 394 1270 629 1317; x_wconf 90' lang='lat' dir='ltr'><strong>micorum</strong></span> <span class='ocrx_word' id='word_1_88' title='bbox 671 1270 976 1334; x_wconf 88' lang='lat' dir='ltr'><strong>antecapiens</strong></span> <span class='ocrx_word' id='word_1_89' title='bbox 1006 1269 1283 1330; x_wconf 91' lang='lat' dir='ltr'><strong>consilium,</strong></span> <span class='ocrx_word' id='word_1_90' title='bbox 1314 1269 1513 1317; x_wconf 87' lang='lat' dir='ltr'><strong>curabat</strong></span> <span class='ocrx_word' id='word_1_91' title='bbox 1545 1269 1816 1333; x_wconf 89' lang='lat' dir='ltr'><strong>diligentius</strong></span> 
     </span>
     <span class='ocr_line' id='line_1_14' title="bbox 394 1346 1814 1413; baseline 0.001 -21"><span class='ocrx_word' id='word_1_92' title='bbox 394 1364 453 1393; x_wconf 89' lang='lat' dir='ltr'><strong>ne</strong></span> <span class='ocrx_word' id='word_1_93' title='bbox 479 1364 529 1394; x_wconf 93' lang='lat' dir='ltr'><strong>se</strong></span> <span class='ocrx_word' id='word_1_94' title='bbox 551 1347 711 1413; x_wconf 91' lang='lat' dir='ltr'><strong>ipsum</strong></span> <span class='ocrx_word' id='word_1_95' title='bbox 734 1346 881 1394; x_wconf 91' lang='lat' dir='ltr'><strong>iidem</strong></span> <span class='ocrx_word' id='word_1_96' title='bbox 908 1346 1090 1393; x_wconf 90' lang='lat' dir='ltr'><strong>inimici</strong></span> <span class='ocrx_word' id='word_1_97' title='bbox 1111 1346 1158 1392; x_wconf 90' lang='lat' dir='ltr'><strong>in</strong></span> <span class='ocrx_word' id='word_1_98' title='bbox 1184 1346 1517 1411; x_wconf 90' lang='lat' dir='ltr'><strong>hujuscemodi</strong></span> <span class='ocrx_word' id='word_1_99' title='bbox 1540 1347 1814 1411; x_wconf 90' lang='lat' dir='ltr'><strong>copulando</strong></span> 
     </span>
     <span class='ocr_line' id='line_1_15' title="bbox 394 1423 1811 1490; baseline 0.001 -20"><span class='ocrx_word' id='word_1_100' title='bbox 394 1423 569 1470; x_wconf 86' lang='lat' dir='ltr'><strong>soedere</strong></span> <span class='ocrx_word' id='word_1_101' title='bbox 590 1424 930 1489; x_wconf 68' lang='lat' dir='ltr'><strong>praevenirent,</strong></span> <span class='ocrx_word' id='word_1_102' title='bbox 958 1423 1043 1470; x_wconf 87' lang='lat' dir='ltr'><strong>sed</strong></span> <span class='ocrx_word' id='word_1_103' title='bbox 1062 1423 1179 1471; x_wconf 90' lang='lat' dir='ltr'><strong>illud</strong></span> <span class='ocrx_word' id='word_1_104' title='bbox 1198 1425 1312 1490; x_wconf 92' lang='lat' dir='ltr'><strong>ipsis</strong></span> <span class='ocrx_word' id='word_1_105' title='bbox 1330 1434 1470 1472; x_wconf 88' lang='lat' dir='ltr'><strong>cauta</strong></span> <span class='ocrx_word' id='word_1_106' title='bbox 1487 1424 1811 1489; x_wconf 84' lang='lat' dir='ltr'><strong>providentia,</strong></span> 
     </span>
     <span class='ocr_line' id='line_1_16' title="bbox 390 1501 1816 1569; baseline 0.001 -21"><span class='ocrx_word' id='word_1_107' title='bbox 390 1501 533 1549; x_wconf 89' lang='lat' dir='ltr'><strong>bonis</strong></span> <span class='ocrx_word' id='word_1_108' title='bbox 555 1511 700 1566; x_wconf 89' lang='lat' dir='ltr'><strong>atque</strong></span> <span class='ocrx_word' id='word_1_109' title='bbox 727 1502 943 1549; x_wconf 87' lang='lat' dir='ltr'><strong>honestis</strong></span> <span class='ocrx_word' id='word_1_110' title='bbox 971 1501 1177 1564; x_wconf 89' lang='lat' dir='ltr'><strong>artibus,</strong></span> <span class='ocrx_word' id='word_1_111' title='bbox 1209 1504 1370 1568; x_wconf 92' lang='lat' dir='ltr'><strong>potius</strong></span> <span class='ocrx_word' id='word_1_112' title='bbox 1398 1504 1669 1569; x_wconf 78' lang='lat' dir='ltr'><strong>praeriperet</strong></span> <span class='ocrx_word' id='word_1_113' title='bbox 1696 1520 1816 1551; x_wconf 86' lang='lat' dir='ltr'><strong>suae-</strong></span> 
     </span>
     <span class='ocr_line' id='line_1_17' title="bbox 390 1579 993 1644; baseline 0 -18"><span class='ocrx_word' id='word_1_114' title='bbox 390 1597 484 1644; x_wconf 89' lang='lat' dir='ltr'><strong>que</strong></span> <span class='ocrx_word' id='word_1_115' title='bbox 509 1580 725 1627; x_wconf 87' lang='lat' dir='ltr'><strong>utilitatis</strong></span> <span class='ocrx_word' id='word_1_116' title='bbox 749 1579 993 1628; x_wconf 51' lang='lat' dir='ltr'><strong>efficeret&amp;</strong></span> 
     </span>
    </p>

    <p class='ocr_par' dir='ltr' id='par_1_3' title="bbox 390 1658 1816 2419">
     <span class='ocr_line' id='line_1_18' title="bbox 454 1658 1816 1725; baseline 0.001 -19"><span class='ocrx_word' id='word_1_117' title='bbox 454 1659 671 1706; x_wconf 83' lang='lat' dir='ltr'><strong>Tentavit</strong></span> <span class='ocrx_word' id='word_1_118' title='bbox 704 1659 847 1722; x_wconf 87' lang='lat' dir='ltr'><strong>igitur</strong></span> <span class='ocrx_word' id='word_1_119' title='bbox 873 1658 951 1705; x_wconf 80' lang='lat' dir='ltr'><strong>ille</strong></span> <span class='ocrx_word' id='word_1_120' title='bbox 982 1659 1231 1721; x_wconf 74' lang='lat' dir='ltr'><strong>Warvc&#39;cb,</strong></span> <span class='ocrx_word' id='word_1_121' title='bbox 1263 1659 1570 1707; x_wconf 85' lang='lat' dir='ltr'><strong>varietatibus</strong></span> <span class='ocrx_word' id='word_1_122' title='bbox 1598 1659 1816 1725; x_wconf 91' lang='lat' dir='ltr'><strong>dolisque</strong></span> 
     </span>
     <span class='ocr_line' id='line_1_19' title="bbox 390 1736 1815 1802; baseline 0.001 -20"><span class='ocrx_word' id='word_1_123' title='bbox 390 1736 638 1800; x_wconf 87' lang='lat' dir='ltr'><strong>insigniter</strong></span> <span class='ocrx_word' id='word_1_124' title='bbox 659 1736 941 1796; x_wconf 88' lang='lat' dir='ltr'><strong>instructus,</strong></span> <span class='ocrx_word' id='word_1_125' title='bbox 968 1751 1023 1782; x_wconf 84' lang='lat' dir='ltr'><strong>ea</strong></span> <span class='ocrx_word' id='word_1_126' title='bbox 1054 1752 1159 1800; x_wconf 88' lang='lat' dir='ltr'><strong>quae</strong></span> <span class='ocrx_word' id='word_1_127' title='bbox 1192 1736 1291 1799; x_wconf 86' lang='lat' dir='ltr'><strong>regi</strong></span> <span class='ocrx_word' id='word_1_128' title='bbox 1315 1740 1606 1784; x_wconf 88' lang='lat' dir='ltr'><strong>Francorum</strong></span> <span class='ocrx_word' id='word_1_129' title='bbox 1637 1739 1815 1802; x_wconf 67' lang='lat' dir='ltr'><strong>promi-</strong></span> 
     </span>
     <span class='ocr_line' id='line_1_20' title="bbox 392 1813 1813 1879; baseline 0.001 -19"><span class='ocrx_word' id='word_1_130' title='bbox 392 1815 527 1862; x_wconf 89' lang='lat' dir='ltr'><strong>sisset</strong></span> <span class='ocrx_word' id='word_1_131' title='bbox 556 1813 763 1861; x_wconf 87' lang='lat' dir='ltr'><strong>efficere.</strong></span> <span class='ocrx_word' id='word_1_132' title='bbox 790 1817 1053 1861; x_wconf 84' lang='lat' dir='ltr'><strong>Tentarunt</strong></span> <span class='ocrx_word' id='word_1_133' title='bbox 1073 1813 1168 1861; x_wconf 94' lang='lat' dir='ltr'><strong>hoc</strong></span> <span class='ocrx_word' id='word_1_134' title='bbox 1192 1823 1239 1860; x_wconf 93' lang='lat' dir='ltr'><strong>et</strong></span> <span class='ocrx_word' id='word_1_135' title='bbox 1268 1814 1359 1879; x_wconf 91' lang='lat' dir='ltr'><strong>ipsi</strong></span> <span class='ocrx_word' id='word_1_136' title='bbox 1391 1815 1513 1877; x_wconf 86' lang='lat' dir='ltr'><strong>regis</strong></span> <span class='ocrx_word' id='word_1_137' title='bbox 1539 1814 1703 1878; x_wconf 88' lang='lat' dir='ltr'><strong>legati,</strong></span> <span class='ocrx_word' id='word_1_138' title='bbox 1731 1831 1813 1862; x_wconf 87' lang='lat' dir='ltr'><strong>va-</strong></span> 
     </span>
     <span class='ocr_line' id='line_1_21' title="bbox 393 1890 1814 1956; baseline 0.001 -19"><span class='ocrx_word' id='word_1_139' title='bbox 393 1892 485 1938; x_wconf 89' lang='lat' dir='ltr'><strong>rias</strong></span> <span class='ocrx_word' id='word_1_140' title='bbox 507 1901 554 1938; x_wconf 92' lang='lat' dir='ltr'><strong>et</strong></span> <span class='ocrx_word' id='word_1_141' title='bbox 577 1890 787 1938; x_wconf 87' lang='lat' dir='ltr'><strong>diversas</strong></span> <span class='ocrx_word' id='word_1_142' title='bbox 807 1891 1075 1955; x_wconf 82' lang='lat' dir='ltr'><strong>aperientes</strong></span> <span class='ocrx_word' id='word_1_143' title='bbox 1097 1890 1223 1937; x_wconf 87' lang='lat' dir='ltr'><strong>fores</strong></span> <span class='ocrx_word' id='word_1_144' title='bbox 1241 1900 1383 1954; x_wconf 88' lang='lat' dir='ltr'><strong>atque</strong></span> <span class='ocrx_word' id='word_1_145' title='bbox 1405 1891 1528 1950; x_wconf 85' lang='lat' dir='ltr'><strong>vias,</strong></span> <span class='ocrx_word' id='word_1_146' title='bbox 1551 1892 1648 1938; x_wconf 91' lang='lat' dir='ltr'><strong>acri</strong></span> <span class='ocrx_word' id='word_1_147' title='bbox 1671 1901 1814 1956; x_wconf 90' lang='lat' dir='ltr'><strong>atque</strong></span> 
     </span>
     <span class='ocr_line' id='line_1_22' title="bbox 392 1967 1814 2034; baseline 0.002 -21"><span class='ocrx_word' id='word_1_148' title='bbox 392 1967 600 2014; x_wconf 86' lang='lat' dir='ltr'><strong>versatili</strong></span> <span class='ocrx_word' id='word_1_149' title='bbox 642 1970 938 2015; x_wconf 89' lang='lat' dir='ltr'><strong>Francorum</strong></span> <span class='ocrx_word' id='word_1_150' title='bbox 981 1968 1101 2031; x_wconf 85' lang='lat' dir='ltr'><strong>regis</strong></span> <span class='ocrx_word' id='word_1_151' title='bbox 1136 1967 1328 2030; x_wconf 85' lang='lat' dir='ltr'><strong>ingenio</strong></span> <span class='ocrx_word' id='word_1_152' title='bbox 1363 1967 1671 2029; x_wconf 88' lang='lat' dir='ltr'><strong>adinventas,</strong></span> <span class='ocrx_word' id='word_1_153' title='bbox 1709 1985 1814 2034; x_wconf 91' lang='lat' dir='ltr'><strong>spe-</strong></span> 
     </span>
     <span class='ocr_line' id='line_1_23' title="bbox 393 2044 1813 2110; baseline 0.001 -19"><span class='ocrx_word' id='word_1_154' title='bbox 393 2045 516 2091; x_wconf 89' lang='lat' dir='ltr'><strong>ciem</strong></span> <span class='ocrx_word' id='word_1_155' title='bbox 532 2061 754 2108; x_wconf 87' lang='lat' dir='ltr'><strong>magnam</strong></span> <span class='ocrx_word' id='word_1_156' title='bbox 771 2054 1074 2109; x_wconf 87' lang='lat' dir='ltr'><strong>proventurae</strong></span> <span class='ocrx_word' id='word_1_157' title='bbox 1089 2044 1202 2090; x_wconf 90' lang='lat' dir='ltr'><strong>inde</strong></span> <span class='ocrx_word' id='word_1_158' title='bbox 1219 2045 1421 2108; x_wconf 85' lang='lat' dir='ltr'><strong>ingentis</strong></span> <span class='ocrx_word' id='word_1_159' title='bbox 1440 2046 1700 2107; x_wconf 84' lang='lat' dir='ltr'><strong>Anglorum</strong></span> <span class='ocrx_word' id='word_1_160' title='bbox 1716 2047 1813 2110; x_wconf 86' lang='lat' dir='ltr'><strong>regi</strong></span> 
     </span>
     <span class='ocr_line' id='line_1_24' title="bbox 394 2121 1814 2187; baseline 0 -17"><span class='ocrx_word' id='word_1_161' title='bbox 394 2132 440 2170; x_wconf 88' lang='lat' dir='ltr'><strong>et</strong></span> <span class='ocrx_word' id='word_1_162' title='bbox 475 2139 624 2187; x_wconf 84' lang='lat' dir='ltr'><strong>regno</strong></span> <span class='ocrx_word' id='word_1_163' title='bbox 651 2122 863 2170; x_wconf 88' lang='lat' dir='ltr'><strong>utilitatis</strong></span> <span class='ocrx_word' id='word_1_164' title='bbox 895 2121 1262 2186; x_wconf 88' lang='lat' dir='ltr'><strong>protendentes,</strong></span> <span class='ocrx_word' id='word_1_165' title='bbox 1293 2132 1339 2169; x_wconf 89' lang='lat' dir='ltr'><strong>et</strong></span> <span class='ocrx_word' id='word_1_166' title='bbox 1364 2139 1468 2186; x_wconf 85' lang='lat' dir='ltr'><strong>quae</strong></span> <span class='ocrx_word' id='word_1_167' title='bbox 1501 2123 1814 2171; x_wconf 85' lang='lat' dir='ltr'><strong>verisimiliter</strong></span> 
     </span>
     <span class='ocr_line' id='line_1_25' title="bbox 394 2199 1814 2266; baseline 0.001 -19"><span class='ocrx_word' id='word_1_168' title='bbox 394 2201 541 2266; x_wconf 92' lang='lat' dir='ltr'><strong>ipsius</strong></span> <span class='ocrx_word' id='word_1_169' title='bbox 570 2199 779 2246; x_wconf 91' lang='lat' dir='ltr'><strong>Edoardi</strong></span> <span class='ocrx_word' id='word_1_170' title='bbox 815 2199 1031 2246; x_wconf 88' lang='lat' dir='ltr'><strong>animum</strong></span> <span class='ocrx_word' id='word_1_171' title='bbox 1064 2199 1127 2246; x_wconf 90' lang='lat' dir='ltr'><strong>ad</strong></span> <span class='ocrx_word' id='word_1_172' title='bbox 1161 2199 1251 2246; x_wconf 90' lang='lat' dir='ltr'><strong>sibi</strong></span> <span class='ocrx_word' id='word_1_173' title='bbox 1288 2200 1645 2247; x_wconf 88' lang='lat' dir='ltr'><strong>assentiendum</strong></span> <span class='ocrx_word' id='word_1_174' title='bbox 1679 2202 1814 2265; x_wconf 92' lang='lat' dir='ltr'><strong>pelli-</strong></span> 
     </span>
     <span class='ocr_line' id='line_1_26' title="bbox 395 2275 1814 2341; baseline -0.001 -16"><span class='ocrx_word' id='word_1_175' title='bbox 395 2294 503 2325; x_wconf 88' lang='lat' dir='ltr'><strong>cere</strong></span> <span class='ocrx_word' id='word_1_176' title='bbox 525 2276 819 2324; x_wconf 89' lang='lat' dir='ltr'><strong>debuissent.</strong></span> <span class='ocrx_word' id='word_1_177' title='bbox 846 2275 941 2322; x_wconf 86' lang='lat' dir='ltr'><strong>Sed</strong></span> <span class='ocrx_word' id='word_1_178' title='bbox 965 2277 1067 2340; x_wconf 90' lang='lat' dir='ltr'><strong>ipse</strong></span> <span class='ocrx_word' id='word_1_179' title='bbox 1097 2275 1367 2338; x_wconf 89' lang='lat' dir='ltr'><strong>Edoardus,</strong></span> <span class='ocrx_word' id='word_1_180' title='bbox 1398 2277 1482 2341; x_wconf 93' lang='lat' dir='ltr'><strong>qui</strong></span> <span class='ocrx_word' id='word_1_181' title='bbox 1504 2277 1604 2340; x_wconf 88' lang='lat' dir='ltr'><strong>jam</strong></span> <span class='ocrx_word' id='word_1_182' title='bbox 1633 2287 1735 2324; x_wconf 91' lang='lat' dir='ltr'><strong>tum</strong></span> <span class='ocrx_word' id='word_1_183' title='bbox 1763 2279 1814 2325; x_wconf 92' lang='lat' dir='ltr'><strong>in</strong></span> 
     </span>
     <span class='ocr_line' id='line_1_27' title="bbox 395 2352 1813 2419; baseline 0.001 -18"><span class='ocrx_word' id='word_1_184' title='bbox 395 2354 667 2419; x_wconf 88' lang='lat' dir='ltr'><strong>semetipso,</strong></span> <span class='ocrx_word' id='word_1_185' title='bbox 695 2363 801 2400; x_wconf 92' lang='lat' dir='ltr'><strong>tum</strong></span> <span class='ocrx_word' id='word_1_186' title='bbox 824 2353 873 2399; x_wconf 94' lang='lat' dir='ltr'><strong>in</strong></span> <span class='ocrx_word' id='word_1_187' title='bbox 899 2353 1001 2399; x_wconf 83' lang='lat' dir='ltr'><strong>aliis</strong></span> <span class='ocrx_word' id='word_1_188' title='bbox 1027 2352 1204 2414; x_wconf 91' lang='lat' dir='ltr'><strong>multis,</strong></span> <span class='ocrx_word' id='word_1_189' title='bbox 1232 2356 1525 2400; x_wconf 88' lang='lat' dir='ltr'><strong>Francorum</strong></span> <span class='ocrx_word' id='word_1_190' title='bbox 1547 2354 1668 2417; x_wconf 87' lang='lat' dir='ltr'><strong>regis</strong></span> <span class='ocrx_word' id='word_1_191' title='bbox 1690 2370 1813 2402; x_wconf 88' lang='lat' dir='ltr'><strong>con-</strong></span> 
     </span>
    </p>
   </div>
   <div class='ocr_carea' id='block_1_3' title="bbox 394 2527 1816 2760">
    <p class='ocr_par' dir='ltr' id='par_1_4' title="bbox 394 2527 1816 2760">
     <span class='ocr_line' id='line_1_28' title="bbox 449 2527 1816 2580; baseline 0.003 -14"><span class='ocrx_word' id='word_1_192' title='bbox 449 2530 488 2568; x_wconf 81' lang='lat'><strong>1.</strong></span> <span class='ocrx_word' id='word_1_193' title='bbox 518 2531 591 2567; x_wconf 87' lang='lat' dir='ltr'><strong>Les</strong></span> <span class='ocrx_word' id='word_1_194' title='bbox 613 2528 740 2580; x_wconf 77' lang='lat' dir='ltr'><strong>pieces</strong></span> <span class='ocrx_word' id='word_1_195' title='bbox 757 2527 934 2580; x_wconf 81' lang='lat' dir='ltr'><strong>publiees</strong></span> <span class='ocrx_word' id='word_1_196' title='bbox 952 2542 1024 2580; x_wconf 84' lang='lat' dir='ltr'><strong>par</strong></span> <span class='ocrx_word' id='word_1_197' title='bbox 1044 2531 1190 2580; x_wconf 84' lang='lat' dir='ltr'><strong>Rymer</strong></span> <span class='ocrx_word' id='word_1_198' title='bbox 1209 2528 1453 2568; x_wconf 79' lang='lat' dir='ltr'><strong>demontrent</strong></span> <span class='ocrx_word' id='word_1_199' title='bbox 1470 2542 1546 2580; x_wconf 93' lang='lat' dir='ltr'><strong>que</strong></span> <span class='ocrx_word' id='word_1_200' title='bbox 1563 2529 1816 2570; x_wconf 88' lang='lat' dir='ltr'><strong>l’ambassade</strong></span> 
     </span>
     <span class='ocr_line' id='line_1_29' title="bbox 395 2588 1815 2641; baseline 0.001 -14"><span class='ocrx_word' id='word_1_201' title='bbox 395 2588 445 2627; x_wconf 88' lang='lat' dir='ltr'><strong>de</strong></span> <span class='ocrx_word' id='word_1_202' title='bbox 463 2591 696 2641; x_wconf 88' lang='lat' dir='ltr'><strong>Bourgogne</strong></span> <span class='ocrx_word' id='word_1_203' title='bbox 714 2588 822 2626; x_wconf 90' lang='lat' dir='ltr'><strong>allait</strong></span> <span class='ocrx_word' id='word_1_204' title='bbox 840 2601 920 2626; x_wconf 88' lang='lat' dir='ltr'><strong>non</strong></span> <span class='ocrx_word' id='word_1_205' title='bbox 939 2601 1009 2640; x_wconf 86' lang='lat' dir='ltr'><strong>pas</strong></span> <span class='ocrx_word' id='word_1_206' title='bbox 1027 2588 1213 2627; x_wconf 87' lang='lat' dir='ltr'><strong>chercher</strong></span> <span class='ocrx_word' id='word_1_207' title='bbox 1230 2602 1283 2627; x_wconf 91' lang='lat' dir='ltr'><strong>un</strong></span> <span class='ocrx_word' id='word_1_208' title='bbox 1302 2589 1461 2636; x_wconf 87' lang='lat' dir='ltr'><strong>accord,</strong></span> <span class='ocrx_word' id='word_1_209' title='bbox 1484 2590 1578 2628; x_wconf 85' lang='lat' dir='ltr'><strong>mais</strong></span> <span class='ocrx_word' id='word_1_210' title='bbox 1594 2588 1685 2628; x_wconf 90' lang='lat' dir='ltr'><strong>bien</strong></span> <span class='ocrx_word' id='word_1_211' title='bbox 1713 2590 1815 2629; x_wconf 89' lang='lat' dir='ltr'><strong>don-</strong></span> 
     </span>
     <span class='ocr_line' id='line_1_30' title="bbox 394 2647 1814 2702; baseline 0.002 -17"><span class='ocrx_word' id='word_1_212' title='bbox 394 2660 465 2686; x_wconf 90' lang='lat' dir='ltr'><strong>ner</strong></span> <span class='ocrx_word' id='word_1_213' title='bbox 486 2648 587 2687; x_wconf 88' lang='lat' dir='ltr'><strong>dela</strong></span> <span class='ocrx_word' id='word_1_214' title='bbox 606 2647 789 2699; x_wconf 78' lang='lat' dir='ltr'><strong>publicite</strong></span> <span class='ocrx_word' id='word_1_215' title='bbox 810 2650 832 2685; x_wconf 75' lang='lat' dir='ltr'><strong>a</strong></span> <span class='ocrx_word' id='word_1_216' title='bbox 852 2648 920 2686; x_wconf 89' lang='lat' dir='ltr'><strong>des</strong></span> <span class='ocrx_word' id='word_1_217' title='bbox 938 2656 1212 2702; x_wconf 76' lang='lat' dir='ltr'><strong>engagements</strong></span> <span class='ocrx_word' id='word_1_218' title='bbox 1235 2648 1303 2699; x_wconf 92' lang='lat' dir='ltr'><strong>qui</strong></span> <span class='ocrx_word' id='word_1_219' title='bbox 1326 2648 1527 2687; x_wconf 82' lang='lat' dir='ltr'><strong>existaient</strong></span> <span class='ocrx_word' id='word_1_220' title='bbox 1545 2649 1631 2698; x_wconf 73' lang='lat' dir='ltr'><strong>deja</strong></span> <span class='ocrx_word' id='word_1_221' title='bbox 1649 2658 1758 2688; x_wconf 88' lang='lat' dir='ltr'><strong>entre</strong></span> <span class='ocrx_word' id='word_1_222' title='bbox 1777 2650 1814 2689; x_wconf 89' lang='lat' dir='ltr'><strong>le</strong></span> 
     </span>
     <span class='ocr_line' id='line_1_31' title="bbox 395 2700 1814 2760; baseline 0.001 -15"><span class='ocrx_word' id='word_1_223' title='bbox 395 2707 470 2746; x_wconf 89' lang='lat' dir='ltr'><strong>duc</strong></span> <span class='ocrx_word' id='word_1_224' title='bbox 496 2707 653 2747; x_wconf 86' lang='lat' dir='ltr'><strong>Charles</strong></span> <span class='ocrx_word' id='word_1_225' title='bbox 679 2715 718 2745; x_wconf 87' lang='lat' dir='ltr'><strong>et</strong></span> <span class='ocrx_word' id='word_1_226' title='bbox 745 2707 782 2746; x_wconf 88' lang='lat' dir='ltr'><strong>le</strong></span> <span class='ocrx_word' id='word_1_227' title='bbox 802 2707 861 2745; x_wconf 90' lang='lat' dir='ltr'><strong>roi</strong></span> <span class='ocrx_word' id='word_1_228' title='bbox 888 2700 1092 2755; x_wconf 80' lang='lat' dir='ltr'><strong>Edouard3</strong></span> <span class='ocrx_word' id='word_1_229' title='bbox 1119 2715 1205 2746; x_wconf 90' lang='lat' dir='ltr'><strong>tous</strong></span> <span class='ocrx_word' id='word_1_230' title='bbox 1229 2707 1332 2746; x_wconf 86' lang='lat' dir='ltr'><strong>deux</strong></span> <span class='ocrx_word' id='word_1_231' title='bbox 1358 2708 1532 2746; x_wconf 77' lang='lat' dir='ltr'><strong>s&#39;etaient</strong></span> <span class='ocrx_word' id='word_1_232' title='bbox 1556 2710 1681 2747; x_wconf 72' lang='lat' dir='ltr'><strong>meme</strong></span> <span class='ocrx_word' id='word_1_233' title='bbox 1704 2709 1814 2760; x_wconf 76' lang='lat' dir='ltr'><strong>passe</strong></span> 
     </span>
    </p>
   </div>
   <div class='ocr_carea' id='block_1_4' title="bbox 393 2766 1813 2878">
    <p class='ocr_par' dir='ltr' id='par_1_5' title="bbox 393 2766 1813 2878">
     <span class='ocr_line' id='line_1_32' title="bbox 393 2766 1813 2821; baseline 0.001 -15"><span class='ocrx_word' id='word_1_234' title='bbox 393 2767 591 2820; x_wconf 85' lang='lat' dir='ltr'><strong>signature</strong></span> <span class='ocrx_word' id='word_1_235' title='bbox 610 2770 631 2805; x_wconf 77' lang='lat' dir='ltr'><strong>a</strong></span> <span class='ocrx_word' id='word_1_236' title='bbox 651 2780 695 2805; x_wconf 89' lang='lat' dir='ltr'><strong>ce</strong></span> <span class='ocrx_word' id='word_1_237' title='bbox 717 2767 815 2816; x_wconf 88' lang='lat' dir='ltr'><strong>sujet</strong></span> <span class='ocrx_word' id='word_1_238' title='bbox 828 2796 839 2813; x_wconf 93' lang='lat'>‚</span> <span class='ocrx_word' id='word_1_239' title='bbox 864 2776 901 2805; x_wconf 86' lang='lat' dir='ltr'><strong>et</strong></span> <span class='ocrx_word' id='word_1_240' title='bbox 919 2767 958 2805; x_wconf 86' lang='lat' dir='ltr'><strong>la</strong></span> <span class='ocrx_word' id='word_1_241' title='bbox 979 2767 1116 2805; x_wconf 71' lang='lat' dir='ltr'><strong>cedule</strong></span> <span class='ocrx_word' id='word_1_242' title='bbox 1137 2767 1190 2806; x_wconf 88' lang='lat' dir='ltr'><strong>du</strong></span> <span class='ocrx_word' id='word_1_243' title='bbox 1209 2767 1284 2806; x_wconf 92' lang='lat' dir='ltr'><strong>duc</strong></span> <span class='ocrx_word' id='word_1_244' title='bbox 1302 2766 1351 2805; x_wconf 89' lang='lat' dir='ltr'><strong>de</strong></span> <span class='ocrx_word' id='word_1_245' title='bbox 1369 2771 1599 2821; x_wconf 85' lang='lat' dir='ltr'><strong>Bourgogne</strong></span> <span class='ocrx_word' id='word_1_246' title='bbox 1618 2768 1759 2820; x_wconf 63' lang='lat' dir='ltr'><strong>portast</strong></span> <span class='ocrx_word' id='word_1_247' title='bbox 1776 2769 1813 2808; x_wconf 82' lang='lat' dir='ltr'><strong>la</strong></span> 
     </span>
     <span class='ocr_line' id='line_1_33' title="bbox 393 2826 1283 2878; baseline 0 -12"><span class='ocrx_word' id='word_1_248' title='bbox 393 2826 481 2866; x_wconf 87' lang='lat' dir='ltr'><strong>date</strong></span> <span class='ocrx_word' id='word_1_249' title='bbox 501 2826 554 2866; x_wconf 91' lang='lat' dir='ltr'><strong>du</strong></span> <span class='ocrx_word' id='word_1_250' title='bbox 571 2830 622 2865; x_wconf 73' lang='lat'><strong>24</strong></span> <span class='ocrx_word' id='word_1_251' title='bbox 641 2826 799 2865; x_wconf 86' lang='lat' dir='ltr'><strong>octobre</strong></span> <span class='ocrx_word' id='word_1_252' title='bbox 819 2828 924 2866; x_wconf 74' lang='lat'><strong>1466</strong></span> <span class='ocrx_word' id='word_1_253' title='bbox 947 2829 987 2874; x_wconf 89' lang='lat' dir='ltr'><strong>(t.</strong></span> <span class='ocrx_word' id='word_1_254' title='bbox 1014 2829 1087 2876; x_wconf 84' lang='lat' dir='ltr'><strong>xl,</strong></span> <span class='ocrx_word' id='word_1_255' title='bbox 1109 2841 1149 2878; x_wconf 92' lang='lat' dir='ltr'><strong>p.</strong></span> <span class='ocrx_word' id='word_1_256' title='bbox 1177 2829 1283 2875; x_wconf 82' lang='lat'>580).</span> 
     </span>
    </p>
   </div>
  </div>
 </body>
</html>
