2054 3470
394 364 471 401 368
757 352 1103 402 nlsTomARUM
1127 363 1365 402 Lnnovim
1390 364 1447 400 x1

391 469 483 499 nus
504 453 627 516 regis
649 452 837 500 tradere
869 462 1124 500 teneretur.
1155 454 1418 517 Expaverat
1452 460 1611 498 autem
1643 454 1806 498 comes

389 524 491 589 ipse
528 524 762 584 nimium,
802 524 990 584 videns,
1017 525 1216 571 omnino
1251 541 1386 571 secus
1416 539 1471 570 ac
1505 532 1802 588 speraverat,

390 610 576 665 treugas
592 610 639 649 et
655 601 886 649 amicitias
903 600 1267 665 quodammodo
1286 601 1407 648 inter
1422 616 1556 664 reges
1575 600 1802 665 primum,

389 678 563 727 deinde
585 680 727 727 etiam
750 680 873 726 inter
892 682 1186 726 Francorum
1210 694 1369 742 regem
1392 688 1440 726 et
1462 677 1635 724 ducem
1657 677 1807 724 foede-

389 766 543 818 ratas3
570 757 702 804 unde
726 756 931 822 amplius
954 756 1131 820 aliquid
1147 756 1208 803 de
1230 756 1379 819 gratia
1394 755 1530 802 ducis
1546 790 1559 813 ,
1582 770 1728 819 quam
1745 753 1806 802 de

387 835 511 899 regis
525 871 537 895 ,
558 835 794 895 confisus,
821 851 967 898 quem
986 834 1150 881 dirum
1175 843 1315 896 atque
1337 843 1521 880 trucem
1546 831 1607 878 ad
1628 848 1680 879 se
1701 832 1806 879 ani·

388 929 522 959 mum
546 929 707 976 gerere
730 929 832 959 non
855 910 1119 970 nesciebat,
1146 910 1319 958 relictis
1343 910 1550 975 propriis
1578 909 1801 970 aedibus¹,

387 1007 506 1054 quas
538 990 650 1038 licet
679 989 1022 1037 munitissimas
1040 1025 1052 1047 ‚
1086 988 1269 1035 clausas
1297 997 1345 1034 et
1378 987 1572 1034 vallatas
1591 985 1680 1051 [in]
1707 987 1806 1033 do-

387 1068 538 1114 minio
567 1068 691 1132 regis
719 1077 954 1128 tenuerat,
984 1065 1047 1113 ad
1072 1065 1307 1130 oppidum
1336 1067 1586 1111 Montense
1607 1066 1803 1110 Hanno-

386 1145 617 1192 niae²sese
631 1182 644 1206 ‚
666 1144 873 1209 praesidii
893 1159 1055 1204 causa,
1078 1142 1374 1202 contulerat3
1399 1151 1447 1188 et
1464 1157 1523 1188 eo
1539 1178 1552 1202 ,
1577 1150 1804 1204 tanquam

386 1222 448 1269 ad
475 1239 587 1270 eum
607 1257 620 1283 ,
653 1238 799 1286 quem
824 1220 913 1268 sibi
935 1229 1091 1268 tutum
1116 1220 1395 1279 aestimaret,
1421 1218 1585 1266 locum
1601 1255 1613 1277 ‚
1638 1217 1804 1264 confu-

387 1309 533 1363 gerat.

454 1377 706 1425 Perficiens
739 1376 882 1440 igitur
914 1375 1011 1422 dux
1045 1374 1180 1440 quod
1205 1374 1281 1421 vel
1302 1375 1426 1439 ipse,
1462 1372 1540 1421 vel
1570 1373 1642 1419 sui
1665 1371 1805 1435 legati

386 1454 446 1502 de
467 1472 525 1502 eo
549 1455 891 1521 promiserant,
914 1454 1070 1518 ipsum
1098 1453 1250 1500 teneri
1272 1452 1498 1500 comitem
1520 1460 1568 1498 et
1587 1449 1651 1497 ad
1672 1466 1805 1497 com-

386 1532 555 1580 missos
578 1548 663 1596 per
686 1547 845 1594 regem
871 1530 1045 1577 deduci
1070 1540 1116 1577 et
1136 1529 1328 1577 liberari
1351 1529 1496 1576 fecit³.
1524 1526 1669 1586 Quod
1690 1526 1805 1574 faci-

385 1610 476 1657 lius
510 1610 572 1657 ab
600 1626 658 1657 eo
698 1626 860 1672 regem
901 1608 1165 1655 obtinuisse
1197 1607 1454 1666 ferebatur,
1497 1604 1631 1670 quod
1661 1605 1804 1652 etiam

385 1687 509 1752 ipse,
525 1697 692 1734 contra
708 1695 999 1734 sacramenta
1013 1695 1059 1732 et
1077 1686 1245 1750 saepius
1261 1685 1514 1749 praestitam
1532 1681 1623 1729 sibi
1638 1681 1800 1741 fidem,

386 1764 535 1811 multa
565 1764 747 1829 perfide
781 1773 828 1810 et
865 1755 1031 1810 dolose
1064 1771 1232 1809 contra
1273 1778 1322 1808 se
1356 1760 1729 1827 praesumpsisset
1757 1769 1804 1806 et

386 1842 595 1902 fecisset,
621 1858 897 1906 quanquam
932 1840 993 1887 ab
1021 1857 1079 1887 eo
1099 1878 1110 1898 ,
1146 1850 1197 1886 ut
1227 1840 1316 1886 sibi
1353 1840 1570 1898 serviret,
1596 1854 1697 1884 non
1722 1837 1803 1883 vili

385 1927 432 1963 et
452 1935 603 1982 parvo
623 1917 901 1964 aestimanda
924 1916 1045 1981 stipe
1070 1915 1328 1979 quotannis
1351 1914 1513 1961 fuisset
1533 1911 1802 1959 clanculum

383 1993 665 2042 honoratus.

451 2072 544 2118 Sed
569 2082 638 2132 et,
665 2080 718 2118 ut
751 2087 839 2117 suo
865 2070 925 2117 de
948 2087 1005 2117 eo
1041 2068 1277 2115 desiderio
1299 2084 1378 2114 rex
1401 2066 1666 2114 satisfacere
1690 2082 1802 2131 pos-

386 2159 479 2210 set,
507 2149 742 2196 concessit
773 2147 910 2211 plura
939 2144 988 2193 ‘et
1012 2134 1211 2209 grandia
1245 2143 1637 2207 Burgundionum
1660 2141 1796 2203 duci,

386 2226 447 2273 de
469 2242 566 2290 quo
581 2224 774 2291 plurimi
792 2223 1011 2270 admirati
1029 2223 1235 2269 fuerunt.
1256 2221 1498 2268 Concessit
1516 2220 1693 2284 quippe
1717 2236 1802 2284 op-

386 2303 553 2368 pidum
588 2301 1016 2358 Sancti-Quintini‚
1043 2298 1364 2347 Viromandiae
1385 2307 1552 2363 caput,
1580 2312 1690 2343 cum
1721 2312 1800 2343 ca-

439 2456 478 2494 1.
508 2457 562 2493 Le
584 2452 746 2491 chateau
765 2451 813 2490 de
832 2453 945 2491 Ham.

440 2516 479 2552 2.
510 2516 621 2551 Mons
641 2525 690 2550 en
708 2511 889 2549 Hainaut.

440 2575 478 2612 3.
509 2572 676 2623 Puisque
695 2571 859 2609 l'auteur
881 2570 1095 2622 s’applique
1113 2569 1208 2608 dans
1221 2582 1265 2607 ce
1282 2566 1458 2619 chapitre
1476 2568 1497 2604 a
1514 2566 1608 2605 faire
1625 2564 1818 2605 ressortir'

384 2633 556 2671 l’odieux
578 2631 626 2670 de
646 2632 685 2670 la
702 2630 882 2669 conduite
909 2630 963 2668 du
981 2630 1056 2668 duc
1074 2629 1121 2668 de
1140 2631 1385 2681 Bourgogne,
1406 2640 1456 2665 on
1478 2639 1623 2678 pourra
1643 2634 1800 2664 trouver

385 2692 570 2746 singulier
596 2690 691 2742 qu’il
711 2703 763 2743 ne
787 2689 894 2741 parle
919 2702 987 2741 pas
1007 2689 1059 2727 du
1081 2687 1342 2727 saus-conduit
1361 2699 1427 2724 sur
1454 2685 1492 2723 la
1514 2685 1568 2723 soi
1589 2685 1732 2736 duquel
1762 2684 1799 2723 le

383 2761 509 2791 comte
527 2751 575 2790 de
594 2750 787 2790 Saint-Pol
812 2750 1027 2788 s'aventura
1052 2752 1074 2787 a
1093 2762 1237 2801 gagner
1259 2750 1382 2786 Mons.
1405 2745 1500 2784 Mais
1524 2745 1551 2783 il
1569 2758 1620 2783 ne
1642 2745 1798 2783 re'serve

385 2820 482 2850 cette
501 2811 759 2849 circonstance
772 2822 847 2860 que
864 2823 962 2862 pour
979 2823 1005 2860 y
1025 2808 1179 2847 revenir
1195 2807 1280 2859 plus
1298 2805 1383 2845 tard
1395 2818 1490 2844 avec
1506 2817 1584 2843 une
1594 2804 1797 2843 insistance

387 2879 491 2910 toute
508 2869 765 2923 particuliere.
784 2869 975 2921 Ci-apres,
990 2882 1025 2907 c.
1047 2882 1101 2909 tv.
