2054 3470
765 344 912 380 LIBER
937 343 1168 390 QUINTUS.
1598 341 1672 378 411

264 447 413 495 usque
435 431 888 490 Pontis-lc-Mosson,
913 445 1058 494 supra
1077 427 1346 489 Mosellam,
1372 428 1674 493 penetravit¹.

263 512 416 556 Locus
434 508 562 555 enim
577 507 638 555 ad
655 508 816 572 ipsum
830 517 1042 554 veterem
1062 505 1222 553 adhuc
1240 515 1500 569 utcumque
1516 505 1678 553 amici-

263 587 377 634 tiam
399 585 653 632 retinebat4

327 667 476 711 Porro
506 664 618 712 cum
654 661 749 708 illic
781 661 878 709 dux
914 660 1252 724 Lotharingiae’
1281 659 1448 725 paucis
1483 670 1680 724 perante

263 741 458 789 sedisset
476 740 646 788 diebus
654 741 684 797 ⁸,
699 740 879 786 veritus
892 755 942 786 se
959 740 1192 804 imparem
1211 754 1312 785 esse
1331 747 1447 784 tunc
1467 740 1681 805 Burgun-

263 818 464 865 dionum
479 817 688 875 *vii-ibus,
719 816 836 863 inde
861 816 1173 874 abscesserat,
1199 825 1246 863 et
1268 825 1367 862 tam
1389 830 1520 873 sero,
1548 814 1682 878 quod

263 911 396 961 poene
417 895 547 942 suita
564 893 983 957 Burgundionibus
1003 894 1310 958 interceptus.
1335 892 1481 955 Igitur
1497 908 1609 938 cum
1632 908 1683 938 se

263 981 521 1038 reputaret,
545 973 648 1020 sine
667 971 926 1035 majoribus
948 972 1116 1037 copiis,
1142 971 1254 1019 duci
1276 970 1561 1034 Burgundiae
1583 985 1682 1017 non

263 1066 404 1115 posse
427 1066 694 1110 occurrere,
718 1065 809 1096 nec
826 1043 1008 1114 oppido
1032 1052 1275 1113 Nanceyo,
1297 1047 1432 1112 quod
1450 1048 1548 1095 dux
1569 1051 1685 1107 Bur-

265 1127 567 1191 gundionum
591 1126 843 1174 obsidione
862 1127 1096 1185 cinxerat,
1117 1126 1390 1185 subvenire,
1417 1125 1583 1173 relicto
1598 1141 1683 1173 va-

266 1203 384 1262 lido,
409 1204 542 1267 quod
559 1204 678 1252 inibi
694 1204 970 1266 collocarat,
993 1203 1199 1252 militum
1220 1202 1457 1268 praesidio,
1479 1203 1686 1268 perrexit

254 1283 315 1344 ‘in
351 1283 680 1342 Germaniam,
712 1292 765 1329 ut
792 1281 1176 1330 ex'Suitensibus
1205 1290 1348 1346 atque
1380 1280 1482 1328 aliis
1512 1280 1605 1328 sibi
1636 1281 1685 1328 in

268 1361 523 1407 Germania
539 1360 786 1407 ‘foederatis
820 1359 994 1407 auxilia
1015 1358 1343 1419 contraheret,
1369 1375 1481 1405 cum
1513 1357 1686 1422 quibus

268 1438 664 1502 Burgundionum
690 1438 862 1485 ducem
886 1436 1141 1485 obsidione
1167 1435 1408 1502 depellere
1435 1445 1579 1500 atque
1604 1434 1690 1482 ob-

270 1515 407 1563 sessis
428 1515 596 1564 solatia
616 1525 838 1580 praestare
860 1523 1039 1580 posset.

337 1593 497 1639 Posuit
518 1593 678 1657 itaque
695 1593 793 1640 dux
810 1592 1205 1656 Burgundionum
1224 1602 1393 1640 contra
1412 1595 1688 1655 Nanceyum

270 1674 452 1728 castra⁸,
499 1669 625 1717 circa
676 1669 849 1717 festum
895 1670 1129 1716 Omnium
1176 1671 1511 1726 Sanctorum‘,
1558 1684 1688 1715 anno

271 1746 466 1793 Domini
508 1763 861 1794 m.cccc.1.xxw.
881 1784 894 1807 ,
934 1763 1047 1793 cum
1085 1746 1304 1793 nondum
1342 1762 1479 1810 paene
1516 1745 1690 1792 mensis

273 1824 551 1882 transiisset,
576 1824 732 1888 quod,
759 1825 854 1871 suis
877 1823 1298 1887 Burgundionibus
1319 1823 1415 1870 illic
1438 1822 1690 1870 obsidione

272 1901 555 1959 constrictis,
574 1902 731 1966 ipsum
745 1900 979 1965 oppidum
997 1898 1095 1948 dux
1111 1900 1426 1964 Lotharingiae
1441 1899 1502 1947 ad
1519 1900 1691 1948 facien-

272 1977 386 2025 dam
409 1978 702 2026 deditionem
728 1981 983 2042 coegerat⁵.

338 2057 517 2102 Verum
543 2057 606 2116 is,
636 2072 781 2119 quem
804 2055 933 2103 idem
956 2055 1053 2103 dux
1078 2055 1141 2103 ad
1163 2055 1360 2103 tutelam
1381 2065 1429 2103 et
1450 2055 1691 2103 defensio-

274 2148 386 2180 nem
410 2133 578 2197 oppidi
606 2134 914 2198 praefecerat⁶,
942 2134 1159 2182 similiter
1185 2144 1232 2183 et
1258 2135 1385 2182 cives
1413 2151 1468 2182 ac
1490 2133 1687 2195 milites,

327 2301 366 2337 1.
400 2299 451 2336 16
470 2297 628 2336 octobre
647 2300 766 2337 1476.

328 2360 368 2396 2.
398 2360 629 2410 Burgundiae
645 2357 742 2396 dans
760 2358 798 2397 le
815 2371 888 2397 ωε.

331 2421 368 2458 3.
399 2422 454 2457 Le
473 2418 549 2456 duc
574 2418 622 2456 de
644 2419 828 2457 Lorraine
849 2432 900 2457 ne
920 2427 1021 2457 resta
1038 2421 1159 2470 qu’un
1174 2419 1266 2468 jour
1284 2422 1305 2458 a
1325 2422 1690 2470 Pont-a-Mousson,

275 2477 424 2516 battant
448 2491 495 2515 en
522 2478 679 2516 retraite
699 2477 839 2517 devant
861 2479 899 2517 le
927 2478 1002 2517 duc
1028 2478 1076 2517 de
1102 2481 1333 2533 Bourgogne
1360 2480 1428 2531 qui
1453 2480 1490 2518 le
1509 2479 1690 2531 pom-sui—

275 2537 356 2576 vait
373 2537 422 2576 de
439 2538 637 2589 tres-pres.
660 2538 842 2587 Molinet,
861 2546 891 2575 t.
915 2541 954 2587 Ι,
975 2551 1006 2578 c.
1034 2551 1175 2579 xxm.

331 2599 370 2636 4.
400 2598 452 2635 Ce
471 2596 527 2634 fut
546 2596 830 2636 effectivement
847 2598 884 2635 le
899 2599 923 2635 2
941 2597 1168 2638 novembre.

332 2659 371 2694 5.
402 2659 534 2706 Nancy
553 2657 675 2694 s'etait
694 2656 817 2695 rendu
833 2670 883 2695 au
903 2657 977 2695 duc
998 2657 1047 2695 de
1063 2657 1249 2696 Lorraine
1267 2658 1304 2696 le
1324 2660 1347 2696 6
1366 2656 1537 2696 octobre.

334 2716 373 2752 6.
403 2717 475 2752 Les
484 2723 639 2752 auteurs
653 2715 816 2754 lorrains
829 2717 1023 2768 appellent
1035 2730 1079 2756 ce
1090 2717 1279 2770 capitaine
1292 2717 1462 2755 Menault
1474 2719 1692 2768 Daguerre3

280 2789 349 2872 son
370 2777 455 2814 vrai
475 2790 567 2815 nom
591 2778 682 2816 etait
696 2779 853 2817 Manuel
871 2779 919 2818 de
937 2781 1075 2820 Garro.
1102 2780 1238 2819 C'e'tait
1257 2793 1312 2818 un
1337 2778 1613 2831 gentilhomme
1643 2778 1692 2816 de

295 2848 317 2873 a
333 2835 503 2887 Biscaye.
