2054 3470
743 318 888 356 LIBER
916 318 1144 366 QUINTUS.
1570 320 1643 357 401
1708 336 1711 339 -

241 417 468 472 tanquam
492 408 663 455 tutoris
698 423 780 454 seu
817 407 1049 453 curatoris
1080 406 1350 467 minorum,
1376 407 1540 454 omnia
1566 424 1653 472 per

241 495 388 534 totam
410 485 696 533 Sabaudiam
718 482 1187 531 administrabantur.
1217 486 1275 529 Et
1292 484 1358 530 sic
1374 500 1431 530 ex
1447 500 1503 531 ea
1519 494 1650 549 parte

240 573 340 610 erat
364 563 477 610 duci
504 561 784 626 Burgundiae
813 560 1057 607 exclusum
1082 561 1337 624 effugium
1368 562 1583 609 similiter
1605 574 1652 610 et

240 656 298 688 ex
322 649 420 688 tota
442 640 696 692 Germania
718 648 764 685 et
786 638 1084 685 Suitensibus
1104 638 1260 685 terris·
1290 641 1356 685 Ex
1381 650 1516 704 parte
1534 657 1650 687 vero

241 717 444 765 Franciae
465 727 510 764 et
535 726 766 763 terrarum
794 715 940 780 regis,
968 731 1085 780 quae,
1098 714 1279 778 majore
1303 731 1360 762 ex
1381 725 1516 780 parte
1538 720 1653 763 Bur-

240 793 465 856 gundiam
497 794 876 854 conterminant,
915 794 1059 840 etiam
1086 793 1306 857 pervium
1327 792 1418 840 sibi
1441 794 1531 841 iter
1547 804 1653 841 'esse

236 885 340 920 non
374 879 577 934 poterat.
618 873 686 917 Ex
715 870 861 918 latere
890 881 1050 918 autem
1086 870 1425 935 Lotharingiae,
1472 888 1618 936 quam
1637 907 1650 930 ‚

239 957 437 1013 propter
456 947 736 995 habendum
760 949 1012 996 transitum
1036 965 1092 995 ex
1119 949 1423 996 inferioribus
1445 951 1582 997 terris
1603 951 1653 997 in

238 1026 578 1091 Bmgundiam,
604 1016 707 1092 ipse
727 1027 1123 1091 Burgundionum
1141 1027 1238 1074 dux
1262 1026 1439 1075 habere
1461 1045 1656 1092 magno-

239 1112 352 1170 pere
375 1105 648 1166 affectabat,
682 1106 840 1154 clausa
874 1106 963 1153 sibi
993 1115 1091 1152 erat
1125 1105 1225 1164 via,
1254 1121 1313 1152 eo
1336 1105 1470 1169 quod
1497 1116 1545 1153 et
1573 1123 1657 1172 pa·

241 1182 365 1242 tria,
392 1191 445 1228 ut
475 1182 710 1240 diximus,
741 1181 802 1230 ab
835 1198 893 1229 eo
923 1181 1188 1242 defecerat,
1217 1191 1263 1228 ct
1297 1180 1392 1239 illic
1427 1181 1567 1229 dux
1554 1199 1655 1248 ipse

242 1257 553 1322 Lotharingiae
574 1259 736 1323 copias
758 1268 1053 1306 armatorum
1075 1275 1270 1322 magnas
1294 1259 1520 1308 habebat.

306 1338 365 1383 Et
392 1337 459 1383 sic
483 1337 606 1384 inter
630 1337 964 1400 hujuscemodi
989 1338 1228 1400 angustias
1257 1349 1526 1386 coarctatus
1558 1339 1656 1388 dux

241 1412 550 1475 Burgundiae,
584 1430 680 1477 quo
710 1430 759 1460 se
782 1413 1064 1473 diverteret,
1090 1413 1166 1461 vel
1187 1431 1401 1478 quonam
1428 1416 1575 1463 modo
1597 1433 1655 1464 ex

213 1489 459 1537 ‘Flandria
489 1501 536 1538 et
560 1491 775 1539 Picardia
806 1502 948 1556 atque
981 1491 1083 1539 aliis
1110 1492 1246 1539 terris
1286 1493 1383 1539 suis
1418 1492 1655 1540 inferiori-

240 1566 331 1614 bus
353 1567 427 1614 vel
450 1568 697 1631 pecunias,
722 1568 798 1614 vel
820 1567 1042 1615 homines
1065 1568 1126 1615 ad
1162 1569 1547 1632 supplementum
1582 1571 1657 1617 sui

242 1643 473 1690 exercitus
495 1644 673 1691 habere
695 1654 882 1708 posset,
914 1662 1014 1692 non
1037 1646 1326 1693 inveniebat.
1361 1649 1477 1704 Quae
1499 1665 1572 1695 res
1594 1649 1655 1695 ad

241 1721 489 1767 cumulum
519 1737 747 1785 magnum
770 1722 1066 1769 miseriarum
1091 1722 1182 1769 sibi
1202 1724 1564 1788 proveniebant.

305 1797 520 1845 Mittebat
561 1797 801 1845 interdum
841 1799 1035 1845 nuntios
1072 1809 1118 1845 et
1149 1799 1372 1864 epistolas
1408 1801 1470 1847 ad
1507 1818 1619 1849 suos
1639 1841 1652 1864 ,

241 1891 363 1939 quos
390 1875 439 1922 in
463 1875 683 1923 Flandria
708 1885 754 1922 et
776 1876 1100 1940 adjacentibus
1125 1878 1400 1942 provinciis
1426 1894 1655 1944 procura-

242 1961 370 2000 tores
403 1952 611 2000 hahebat
638 1963 683 2000 et
708 1954 966 2002 ministros.
1001 1955 1090 2002 Sed
1124 1972 1293 2002 eorum
1330 1973 1503 2020 magna
1545 1974 1655 2023 pars

243 2029 306 2077 ab
334 2030 550 2077 hostibus
580 2030 655 2077 vel
693 2032 743 2077 in
781 2032 856 2078 via
886 2031 1198 2092 necabantur,
1232 2032 1307 2079 vel
1347 2034 1653 2085 abduceban-

244 2092 322 2152 nir
358 2107 547 2171 captivi.
586 2107 729 2164 Quod
762 2108 800 2154 si
834 2125 1002 2155 eorum
1030 2109 1207 2172 aliqui,
1242 2110 1654 2173 quemadmodum

243 2184 466 2249 possibile
499 2195 621 2244 erat,
658 2186 781 2231 inter
804 2195 877 2231 tot
911 2186 1140 2233 audentes
1171 2202 1220 2233 se
1250 2187 1470 2251 periculis
1513 2205 1653 2236 com-

244 2263 428 2309 mittere
446 2299 458 2321 ,
494 2262 655 2308 furtim
686 2278 771 2326 per
798 2261 999 2326 abrupta
1020 2263 1244 2309 itinerum
1265 2279 1349 2310 seu
1379 2265 1550 2327 quovis
1569 2266 1656 2311 in—

246 2340 386 2403 genio
424 2355 594 2386 manus
633 2338 830 2385 hostiles
861 2339 1094 2398 evadere,
1130 2349 1207 2398 et,
1243 2339 1303 2385 ad
1345 2357 1467 2403 quos
1511 2341 1656 2387 desti-

247 2416 503 2475 nabantur,
535 2416 782 2479 pervenire
818 2415 1110 2479 potuissent,
1152 2426 1253 2463 esto
1288 2418 1446 2480 quod,
1483 2418 1655 2482 quibus

246 2493 570 2557 dirigebantur
592 2493 818 2540 mandata
846 2493 907 2539 de
937 2493 1224 2539 insinuando
1258 2494 1426 2541 eadem
1455 2495 1656 2542 subditis

247 2570 370 2628 suis,
399 2579 633 2632 quatenus
666 2570 715 2616 in
753 2569 819 2615 eis
858 2579 985 2630 erat,
1020 2586 1069 2616 se
1104 2569 1293 2617 debito¹
1325 2571 1651 2635 absolverent,

249 2646 367 2694 nulli
390 2656 549 2694 tamen
570 2647 959 2712 provincialium,
986 2649 1128 2695 etiam
1150 2665 1318 2696 eorum
1346 2650 1430 2712 qui
1459 2659 1656 2714 propter

303 2804 342 2839 1.
371 2804 517 2840 Delicto
537 2801 631 2854 dans
649 2802 685 2840 le
703 2815 776 2841 ms.

461 2885 498 2909 11
1399 2874 1450 2911 26
