2054 3470
731 355 878 394 LIBER
903 354 1102 391 PRIMUS.
1568 355 1618 392 4⁹

216 449 376 506 batur,
399 445 648 508 statimque
664 458 691 489 a
710 441 951 488 Ludovico
967 439 1139 504 regalia
1154 456 1239 504 per
1253 449 1407 498 totum
1423 457 1622 503 regnum

217 523 440 573 mandata
470 528 822 586 processerunt,
858 517 1124 564 intimantia
1157 515 1359 579 qualiter
1385 533 1467 563 rex
1498 520 1623 564 Hen-

217 602 318 649 rico
353 609 401 648 et
437 598 608 661 reginae
647 595 869 660 praefatis.
888 594 1062 642 auxilia
1098 594 1242 640 totius
1281 594 1412 656 regni
1447 593 1624 642 viribus

219 686 434 744 praestare
457 684 503 722 et
522 673 699 721 bellum
727 671 951 720 Edoardo
979 671 1153 718 inferre
1174 670 1481 728 decernebat;
1509 689 1627 736 prae—

220 752 437 820 cipiendo
457 750 681 799 omnibus
702 750 835 814 regni
853 748 1148 815 principibus
1166 759 1212 796 et
1228 748 1436 796 vassallis
1450 765 1505 796 ac
1520 749 1628 796 sub-

220 830 329 878 ditis
342 829 720 894 quibuscumque
736 835 782 874 et
800 826 1140 890 cujuscumque
1156 834 1302 872 status
1323 835 1406 873 aut
1421 826 1630 872 eminen-

220 908 292 956 tiae
323 906 500 964 forent,
528 914 762 969 quatenus
796 903 975 951 eisdem
1002 902 1101 965 regi
1139 902 1344 949 Henrico
1381 912 1429 949 et
1460 904 1632 967 reginae

219 999 505 1048 suarumque
541 980 804 1030 fautoribus
843 990 889 1028 et
927 978 1239 1027 sectatoribus
1279 980 1485 1044 partium
1525 996 1629 1027 om-

219 1077 330 1108 nem
351 1060 563 1108 savorem
594 1073 836 1121 omneque
864 1057 1174 1104 humanitatis
1206 1072 1263 1104 ac
1290 1055 1632 1104 benevolenti-‘e

219 1135 429 1184 officium
470 1135 772 1196 exhiberent;
816 1135 864 1181 in
907 1133 1182 1182 Edoardum
1232 1143 1391 1181 autem
1409 1171 1421 1195 ,
1463 1151 1632 1181 eorum

218 1212 406 1262 hostem
436 1224 484 1261 et
504 1213 636 1276 regni
658 1213 925 1259 invasorem
958 1221 1100 1276 atque
1122 1221 1460 1276 occupatorem
1489 1211 1636 1275 injus-

221 1300 350 1351 tum,
396 1290 731 1354 studiososque
774 1299 820 1336 et
858 1288 1129 1336 defensores
1170 1304 1362 1336 suarum
1398 1289 1632 1354 partium,

223 1369 387 1416 omnia
414 1367 609 1415 velutin
642 1367 826 1414 hostem
853 1377 1069 1431 gererent
1099 1376 1242 1430 atque
1266 1377 1554 1414 exercerent.
1582 1370 1639 1413 Et

221 1443 316 1492 hoc
333 1444 527 1509 quidem
547 1443 695 1491 modo
715 1443 872 1490 verbis
888 1453 1028 1508 atque
1045 1443 1281 1492 mandatis
1293 1482 1305 1505 ,
1325 1443 1526 1509 praefatis
1542 1445 1639 1508 regi

223 1521 430 1568 Henrico
461 1530 508 1567 et
539 1521 639 1583 ejus
669 1520 888 1583 conjugi,
914 1519 1167 1584 dupliciter
1189 1520 1285 1566 suis
1308 1519 1636 1579 consobrinis,

226 1614 308 1645 rex
328 1601 619 1645 Francorum
643 1596 913 1644 Ludovicus
931 1597 1102 1644 auxilia
1117 1607 1164 1644 et
1181 1597 1347 1645 solatia
1364 1597 1564 1658 ferebat3
1587 1615 1639 1645 re

225 1684 385 1722 autem
421 1675 547 1739 ipsa,
584 1673 702 1737 quid
737 1673 898 1720 animo
923 1674 1137 1737 gestiret,
1175 1690 1380 1738 quamve
1415 1685 1640 1722 constans

224 1751 275 1798 in
297 1751 434 1798 dictis
449 1751 783 1816 promissaeque
806 1750 918 1798 fidei
938 1761 1077 1798 tenax
1101 1761 1244 1810 esset,
1270 1761 1459 1799 secutus
1478 1769 1637 1799 rerum

225 1827 538 1876 manifestavit
560 1837 775 1875 eventus.

289 1907 399 1952 Erat
431 1913 533 1951 tum
568 1922 594 1951 e
630 1905 738 1967 fuga
770 1914 818 1951 et
849 1904 1040 1951 latebris
1071 1904 1298 1969 (quibus,
1323 1907 1483 1953 surore
1517 1908 1639 1971 regis

193 2023 195 2025 .
224 1981 441 2029 saeviente
458 2018 471 2041 ,
497 1999 598 2029 sese
623 1981 841 2029 occulere
870 1998 1060 2029 necesse
1087 1982 1348 2046 habuerat)
1370 1984 1639 2048 quomodo·

223 2074 428 2123 cumque
448 2059 777 2107 reconciliatus
801 2069 1022 2106 strenuus
1044 2060 1200 2120 miles,
1223 2060 1448 2108 dominus
1471 2064 1637 2109 Petrus

226 2132 288 2182 de
306 2138 470 2196 Brezi,
496 2135 556 2183 de
583 2152 680 2200 quo
708 2151 851 2199 supra
871 2137 1210 2184 meminimus¹.
1236 2140 1374 2185 Hunc
1398 2138 1637 2203 perditum

226 2211 283 2259 iri
306 2213 501 2278 cupiens
534 2229 639 2272 rex,
668 2213 804 2277 quasi
840 2213 935 2260 suis
958 2213 1258 2261 consobrinis
1284 2215 1440 2262 valida
1463 2216 1637 2263 auxilia

229 2290 611 2348 transmissurus,
652 2290 865 2352 trajicere
901 2290 950 2336 in
990 2292 1196 2338 Scotiam
1226 2292 1395 2355 jussit3
1429 2293 1511 2340 sed
1549 2309 1637 2340 nec

230 2365 424 2414 classem
440 2367 500 2427 ei,
521 2383 611 2413 nec
628 2367 842 2413 militiam
861 2367 1087 2431 aliquam,
1107 2385 1189 2416 seu
1210 2369 1550 2432 colligendam,
1576 2370 1638 2418 ad

231 2442 463 2508 stipendia
489 2443 719 2490 militibus
742 2443 955 2491 facienda
970 2479 982 2500 ‚
1004 2445 1256 2509 pecuniam
1275 2445 1481 2509 aliquam
1506 2447 1641 2493 mini-

234 2521 430 2568 stravit².
453 2523 572 2568 Cum
594 2537 705 2568 vero
734 2521 815 2568 tali
842 2538 1039 2568 munere
1058 2521 1144 2585 (sic
1169 2523 1456 2588 imparatum
1477 2540 1640 2571 neces-

288 2668 326 2704 1.
351 2667 569 2718 Ci-dessus,
587 2683 628 2722 p.
650 2675 689 2710 5.

290 2727 330 2765 2.
359 2727 391 2765 Il
410 2737 466 2766 est
483 2728 696 2778 dementat,
717 2745 788 2783 par
809 2745 863 2770 un
880 2739 963 2770 acte
982 2732 1035 2770 du
1051 2733 1188 2771 Tresor
1207 2732 1275 2772 des
1290 2732 1447 2772 Chartes
1466 2736 1508 2782 (J
1515 2763 1524 2774 .
1543 2735 1642 2782 648,

236 2797 277 2823 n.
301 2786 370 2834 2),
393 2786 485 2836 qu’il
507 2790 614 2838 preta
636 2791 687 2828 ‘20
706 2792 784 2829 000
806 2790 946 2837 livres‚
973 2790 1066 2829 dont
1086 2791 1211 2830 Calais
1229 2791 1359 2830 devait
1376 2793 1457 2831 eti-e
1478 2791 1515 2830 le
1534 2804 1642 2844 gage.

236 2843 437 2891 Michelet‚
457 2848 620 2884 Histoire
639 2850 687 2885 de
704 2852 869 2899 France,
890 2858 918 2888 t.
938 2852 1005 2899 VI,
1026 2863 1069 2901 p.
1090 2852 1154 2888 31.

447 2927 485 2953 11
1406 2923 1430 2958 4
