2054 3470
396 354 470 391 362
759 352 1102 390 HISTORIARUM
1129 352 1365 390 LUDOVICI
1392 352 1449 390 XI

391 441 473 507 qui
497 451 598 488 tum
621 441 841 488 omnium
863 440 1177 506 potentissimi
1201 440 1409 499 fuerunt,
1436 439 1520 487 sed
1542 456 1632 488 nec
1655 450 1808 489 totum

391 518 559 566 orbem
595 528 829 566 terrarum
854 534 992 584 posse
1014 518 1252 575 resistere,
1277 526 1458 581 quanto
1482 516 1663 565 facilius
1689 534 1809 582 prae-

391 597 514 643 sumi
542 606 700 661 potest
725 596 927 643 Galliam
954 612 1004 642 se
1033 595 1094 642 ab
1123 594 1385 658 Anglorum
1410 593 1736 641 invasionibus
1761 604 1808 642 et

391 674 532 721 minis
561 673 703 720 tutari
728 672 898 738 posse?
932 672 1087 719 Patuit
1113 671 1230 719 hoc¹
1255 670 1450 736 quidem
1480 681 1528 718 et
1557 671 1648 719 hac
1677 672 1803 734 vice,

389 767 502 798 cum
530 751 675 797 totius
706 750 838 813 regni
868 750 941 796 sui
971 749 1133 813 copias
1157 765 1240 796 rex
1269 748 1531 812 Anglorum
1555 748 1809 811 trajecisset

390 830 440 876 in
467 828 666 877 Galliam
681 865 693 887 ‚
721 829 768 875 vi
793 837 840 875 et
865 843 1067 874 numero
1092 826 1319 890 majores,
1345 843 1490 891 quam
1513 827 1665 874 ullum
1687 827 1809 874 alio-

390 925 498 954 rum
524 907 826 972 superiorum
856 921 1023 968 regum
1050 899 1212 951 fecisse
1241 904 1485 962 referatur,
1517 903 1808 968 haberetque

390 983 482 1030 sibi
525 982 780 1029 foederatos
817 991 864 1028 et
899 980 1173 1028 auxiliarios
1209 980 1594 1044 potentissimum
1624 981 1806 1045 princi-

390 1077 528 1125 pem,
564 1059 736 1106 ducem
773 1057 1193 1122 Burgundionum,
1231 1066 1279 1103 et
1311 1057 1485 1103 ducem
1521 1057 1803 1116 Britanniae,

390 1154 500 1184 cum
526 1136 742 1202 pluribus
774 1135 876 1183 aliis
906 1145 1141 1182 terrarum
1173 1134 1409 1194 dominiS‚
1445 1133 1528 1196 qui
1556 1134 1803 1195 nondum,

390 1216 650 1279 compressi
669 1224 816 1273 metu,
838 1214 1025 1261 animos
1044 1229 1157 1260 suos
1173 1213 1277 1260 ausi
1295 1212 1482 1259 fuerant
1501 1213 1702 1276 aperire,
1723 1213 1807 1260 sed

390 1292 574 1351 facturi,
596 1293 697 1339 visa
715 1292 943 1356 temporis
963 1291 1339 1356 opportunitate,
1358 1289 1684 1337 indubitanter
1701 1307 1808 1355 spe-

389 1368 635 1416 rabantur.
667 1369 794 1426 Quid
821 1369 964 1432 igitur
994 1367 1207 1415 futurum
1238 1368 1569 1415 aestimandum
1600 1377 1692 1428 est,
1727 1367 1809 1416 ubi

390 1449 535 1495 totius
557 1447 718 1495 Galliae
741 1464 823 1494 seu
851 1448 984 1511 regni
1013 1450 1308 1493 Francorum
1331 1447 1456 1494 vires
1485 1463 1541 1495 ac
1567 1447 1809 1512 principes

389 1526 595 1573 invicem
633 1525 756 1572 bene
793 1525 1032 1572 conciliati
1065 1525 1433 1586 concurrerent?
1461 1526 1663 1571 Possent
1694 1540 1808 1588 pro-

390 1602 533 1662 fecto,
560 1619 660 1650 non
687 1602 835 1649 modo
859 1602 1002 1649 tutari
1026 1600 1147 1648 fines
1170 1618 1282 1648 suos
1304 1600 1365 1648 ab
1385 1599 1630 1656 hostibuS‚
1654 1601 1738 1648 sed
1761 1610 1809 1649 et

390 1679 618 1727 finitimos
639 1696 876 1744 quosque,
896 1696 1007 1727 cum
1022 1679 1207 1737 liberet,
1227 1678 1495 1742 subjugum
1512 1688 1560 1726 et
1575 1678 1808 1726 ditionem

390 1774 525 1805 suam
561 1757 636 1804 vel
673 1758 882 1816 mittere,
919 1758 994 1804 vel
1023 1756 1299 1816 deturbare,
1326 1755 1738 1820 quemadmodum
1761 1766 1809 1803 et

391 1835 507 1882 olim
523 1836 690 1899 priscis
707 1834 1003 1899 temporibus
1022 1850 1122 1881 non
1141 1833 1288 1881 semel
1304 1843 1510 1892 tantum,
1531 1833 1614 1881 sed
1631 1833 1808 1897 pluries

391 1911 555 1959 fecisse
571 1912 859 1959 referuntur.
877 1915 1074 1976 Propter
1089 1911 1221 1975 quod
1243 1910 1431 1974 Anglos‚
1447 1909 1530 1972 qui
1548 1909 1805 1973 aliquando

390 2005 592 2051 regnum
620 1992 912 2036 Francorum
941 1989 1167 2051 aggressi,
1198 1987 1353 2034 eidem
1376 1985 1536 2033 clades
1563 1985 1805 2034 calamita·

391 2075 556 2127 tesque
579 2066 734 2112 varias
756 2066 1042 2120 intulerunt,
1072 2065 1231 2128 potius
1255 2063 1321 2110 ob
1349 2063 1574 2110 intestina
1597 2066 1806 2111 Franco-

390 2159 499 2189 rum
521 2143 714 2189 dissidia
736 2159 821 2189 seu
837 2158 1004 2189 eorum
1020 2142 1276 2204 ignaviam,
1295 2157 1385 2205 pro
1405 2150 1638 2205 tempore,
1660 2157 1805 2204 quam

390 2236 633 2266 armorum
667 2220 880 2283 potentia
916 2228 996 2266 aut
1030 2218 1209 2265 viribus
1251 2219 1459 2284 propriis
1492 2218 1588 2265 hoc
1618 2217 1806 2266 efficere

390 2299 600 2363 potuisse
622 2307 863 2362 putamus.

443 2439 460 2474 1
473 2466 481 2474 .
512 2439 640 2487 Potuit
658 2436 732 2473 haec
751 2435 846 2473 dans
864 2435 899 2473 le
920 2449 990 2474 ms.
