2054 3470
378 378 454 415 426
527 376 870 415 HISTORIARUM
896 377 1131 415 LUDOVICI
1155 379 1213 420 XI
1240 379 1386 416 LIBER
1413 381 1640 427 QUINTUS.

441 468 512 513 De
537 465 810 513 strenuitate
837 465 960 528 ejus,
990 464 1110 511 nihil
1137 475 1206 512 est
1237 465 1387 527 unde,
1419 477 1548 514 recto
1573 466 1777 531 judicio,

376 559 549 608 magna
568 542 671 591 laus
695 542 785 590 sibi
804 542 1058 591 tribuenda
1078 542 1320 606 videatur3
1347 560 1460 590 nam
1477 543 1538 592 de
1559 544 1781 592 omnibus

375 638 510 687 paene
532 618 936 690 expeditionibuS‚
961 636 1079 683 quas
1102 619 1324 668 adversus
1344 621 1505 669 hostes
1525 621 1776 684 conduxit,

374 700 453 746 vix
483 698 623 757 alias,
661 713 805 762 quam
842 713 927 762 per
956 706 1145 761 turpem
1177 707 1225 745 et
1253 698 1480 747 infamem
1520 699 1679 763 fugam
1717 701 1780 749 ab

375 776 646 823 obsessione
663 811 675 835 ,
720 790 809 821 nec
848 774 939 820 nisi
977 790 1087 820 cum
1123 774 1329 839 plurimo
1371 776 1445 823 sui
1487 793 1781 841 suorumque

374 852 581 913 damno,
618 851 667 898 in
706 851 901 915 propria
933 867 982 896 se
1016 851 1210 915 recepit.
1247 854 1531 899 Attcstantur
1566 852 1679 900 huic
1712 854 1781 901 rei

375 929 651 976 obsidiones
680 944 798 991 quas
828 927 1074 974 attentavit
1087 964 1098 986 ,
1127 928 1282 992 primo
1310 938 1476 976 contra
1497 929 1777 992 Ambianos,

374 1004 586 1053 secundo
633 1014 800 1051 contra
838 1004 1115 1064 Belvacum,
1156 1005 1295 1051 tertio
1333 1014 1501 1052 contra
1535 1007 1748 1054 Nussiam
1763 1043 1776 1067 ,

373 1092 545 1147 quarto
567 1091 734 1128 contra
758 1079 1042 1145 oppidulum
1063 1083 1247 1142 Morat,
1274 1090 1326 1127 ut
1347 1080 1512 1129 sileam
1532 1081 1594 1129 de
1616 1081 1781 1131 ultima

374 1158 624 1207 obsidione
654 1158 717 1206 ad
748 1161 1045 1221 Nanceyum3
1076 1156 1136 1204 de
1167 1156 1339 1221 quibus
1372 1158 1621 1218 omnibus,
1653 1158 1782 1207 velut

372 1253 448 1284 res
466 1246 643 1283 temere
655 1245 796 1299 atque
812 1234 1077 1281 inconsulte
1090 1250 1348 1297 aggressus,
1365 1235 1485 1281 nihil
1497 1235 1625 1282 aliud
1634 1253 1778 1300 quam

372 1313 686 1377 ignominiam
704 1328 815 1358 cum
832 1310 1018 1357 damnis
1035 1327 1168 1376 paene
1187 1311 1450 1358 innumeris
1467 1321 1514 1358 et
1530 1312 1780 1360 inaestima-

371 1391 546 1438 bilibus
570 1389 846 1455 reportavit.
873 1391 942 1435 Ex
962 1404 1060 1451 quo
1085 1388 1194 1435 satis
1217 1399 1412 1454 apparet
1432 1386 1552 1436 boni
1573 1399 1621 1437 et
1644 1390 1781 1455 periti

373 1468 507 1516 ducis
535 1483 647 1515 eum
677 1465 835 1513 officio
865 1465 1094 1525 caruisse,
1128 1465 1178 1511 in
1205 1481 1327 1530 quo,
1357 1475 1411 1512 ut
1440 1465 1780 1530 sapientissime

373 1545 511 1592 divus
547 1547 779 1608 Augustus
813 1542 971 1589 dicere
1010 1541 1175 1589 solitus
1208 1552 1333 1603 erat,
1372 1541 1780 1607 quemadmodum

371 1621 668 1687 Tranquillus
699 1620 823 1667 libro
847 1622 887 1665 ΙΙ
919 1619 980 1666 de
1014 1618 1271 1666 Caesaribus
1300 1619 1442 1666 refert
1466 1639 1478 1665 :
1507 1637 1532 1664 ι(
1557 1618 1684 1666 Nihil
1711 1629 1781 1669 est

374 1699 610 1747 vitabilius
637 1715 726 1746 nec
757 1697 959 1763 amplius
985 1695 1253 1744 cavendum
1281 1712 1426 1761 quam
1449 1695 1726 1743 temeritas¹.
1753 1715 1777 1740 »ι

373 1776 534 1823 Audax
561 1777 702 1840 igitur
729 1775 926 1823 sortasse
955 1772 1253 1836 crudelisque
1279 1773 1328 1819 in
1351 1772 1586 1838 supplices
1607 1770 1669 1818 ab
1691 1771 1780 1819 ali-

373 1869 470 1916 quo
506 1853 649 1900 fuisse
683 1851 802 1912 dici,
842 1851 977 1898 fortis
1008 1866 1121 1898 vero
1153 1850 1227 1897 vel
1260 1859 1479 1897 strenuus
1511 1848 1779 1896 nullatenus

373 1939 546 1994 potest.
982 1986 985 1989 f

439 2006 568 2064 Quid
609 2022 723 2053 vero
762 2022 843 2067 eo,
882 2004 1031 2052 modo
1063 2020 1159 2068 quo
1195 2003 1422 2063 diximus,
1458 2003 1555 2048 vita
1587 2001 1773 2062 functo,

372 2093 537 2148 postea
568 2083 873 2131 subsecutum
907 2082 1065 2142 suerit,
1099 2080 1160 2127 ab
1192 2080 1382 2128 alterius
1411 2078 1519 2126 libri
1549 2081 1777 2144 quoniam

299 2183 306 2187 Χ
371 2160 732 2207 convenientius
749 2159 1137 2224 prosequendum
1151 2158 1240 2205 erit
1255 2156 1470 2219 exordio,
1493 2157 1778 2206 convenien-

373 2247 444 2283 ter
466 2235 643 2283 librum
670 2235 802 2283 hunc
823 2236 872 2282 in
899 2235 994 2282 hoc
1018 2236 1228 2282 infaustae
1256 2235 1422 2282 mortis
1449 2235 1550 2298 ejus
1577 2234 1775 2282 articulo

373 2314 662 2362 claudemus.

425 2455 442 2491 1
458 2483 465 2492 .
496 2451 733 2503 Paraphrase
749 2450 797 2489 de
815 2463 858 2489 ce
879 2463 1037 2503 passage
1056 2450 1104 2489 de
1119 2450 1285 2490 Suetone
1303 2452 1436 2502 (Aug.‚
1455 2463 1489 2489 c.
1512 2451 1578 2498 25)
1599 2463 1608 2486 :
1634 2465 1653 2484 α
1671 2448 1775 2488 Nihil

372 2520 499 2551 autem
517 2511 643 2550 minus
660 2511 700 2548 in
718 2510 885 2562 perfecto
904 2509 1023 2556 duce,
1053 2523 1169 2561 quam
1199 2509 1476 2548 festinationem
1498 2508 1774 2548 temeritatem-

373 2585 450 2623 que
462 2603 472 2621 ,
492 2570 699 2610 convenire
714 2569 984 2609 arbitrabatur.
1012 2587 1031 2605 ι

818 2769 990 2793 EXPLICIT
1016 2768 1177 2799 QUINTUS
1205 2767 1325 2794 Lmnu.
