2054 3470
769 312 913 349 LIBER
939 311 1136 347 PRIMUS.
1534 315 1536 317 ’
1610 312 1659 349 87

693 521 1035 567 CAPITULUM
1066 522 1210 566 XXV.

498 657 550 692 De
569 655 768 704 captivitate
785 654 942 690 Bastardi
956 653 1000 689 de
1015 653 1197 702 Rubemprd
1209 653 1246 688 in
1263 657 1416 688 Gorcum.

321 793 440 837 Cum
461 790 607 844 enim,
633 797 686 835 ut
708 802 851 853 supra
873 787 1138 846 retulimuS,
1165 794 1411 833 contracta
1431 783 1667 832 nonnulla

256 869 304 916 in
327 876 506 933 patrem
536 865 741 924 offensa,
767 874 982 912 metuens
1005 874 1255 929 paternam
1283 862 1666 927 indignationem

257 945 341 993 diu
369 943 497 1010 apud
524 942 754 1003 Gor-Itum,
790 941 1050 989 Hollandiae
1084 940 1318 1006 oppidum
1335 977 1348 1001 ,
1381 939 1664 1000 delituisset,

257 1023 305 1069 in
339 1021 511 1069 eodem
542 1020 678 1078 loco,
720 1019 803 1084 qui
839 1034 980 1083 supra
1018 1017 1170 1065 Rheni
1204 1017 1382 1064 fluenta
1415 1017 1532 1064 situs
1569 1026 1667 1075 est,

257 1113 430 1162 magna
457 1096 675 1162 capiebat
703 1095 893 1155 solatia,
919 1094 1116 1141 diversis
1139 1093 1370 1152 venandi,
1396 1092 1670 1158 aucupandi

257 1192 341 1224 scu
374 1174 585 1241 piscandi
622 1173 852 1222 exercitiis
888 1173 1115 1237 temporis
1160 1171 1346 1219 fastidia
1392 1171 1667 1219 excludens.

258 1252 466 1315 Contigit
497 1261 656 1299 autem
690 1260 768 1311 ut,
807 1267 905 1297 uno
940 1249 1064 1308 die¹‚
1102 1248 1299 1313 quidam
1329 1248 1582 1297 Bastardus
1609 1248 1670 1296 de

260 1327 555 1392 Rubemprd'‚
582 1328 660 1375 cui
681 1343 710 1375 a
731 1343 840 1390 rege
870 1325 1048 1374 traditae
1078 1335 1212 1373 erant
1240 1325 1346 1373 duae
1376 1325 1536 1389 galleae
1558 1325 1671 1372 sub-

262 1405 366 1454 tiles
399 1406 546 1470 (quas
585 1414 764 1453 veteres
801 1421 883 1452 seu
917 1404 1203 1464 dromones,
1242 1421 1327 1452 seu
1366 1404 1671 1469 mioparones

262 1481 579 1548 appellarunt)
607 1482 720 1528 vit-is
743 1481 979 1545 armisque
1006 1481 1266 1540 instructae,
1293 1489 1345 1526 ut
1374 1480 1435 1527 ad
1463 1490 1671 1528 secretos

264 1559 383 1607 fines
412 1559 561 1606 maria
591 1568 637 1605 et
668 1558 866 1605 flumina
893 1557 1212 1615 collustrat-et,
1248 1573 1359 1603 cum
1385 1556 1572 1604 duabus
1599 1557 1673 1604 vel

264 1636 410 1684 altera
437 1653 491 1683 ex
518 1634 795 1699 hujusmodi
823 1633 981 1698 galleis
1003 1633 1062 1680 ad
1089 1635 1240 1699 ripam
1270 1633 1421 1680 Rheni
1443 1633 1670 1690 fluminis,

259 1714 393 1777 juxta
413 1712 591 1759 dictum
614 1711 846 1777 oppidum
870 1710 931 1758 de
957 1710 1185 1767 Gor-lcum,
1212 1710 1508 1758 adventaret.

330 1789 424 1847 Qui
449 1805 559 1836 cum
586 1788 680 1835 illic
708 1805 807 1835 uno
832 1786 1105 1852 pluribusve
1135 1788 1335 1835 stetisset
1358 1786 1550 1846 diebus,
1579 1786 1675 1835 hoc

265 1865 458 1931 praesato
485 1865 659 1912 comite
686 1865 878 1928 suisque
908 1864 1236 1928 ignorantibus
1266 1880 1355 1911 nec
1387 1863 1675 1911 attendenti-

266 1942 379 2004 bus,
405 1942 662 2007 quemdam
684 1959 741 1989 ex
769 1942 909 1989 sociis
931 1942 1026 1989 suis
1050 1932 1169 1988 forte
1192 1941 1390 2005 contigit
1413 1941 1645 2007 oppidum
1661 1978 1673 1998 ,

266 2020 568 2067 recreationis
596 2035 759 2079 causa,
797 2019 1010 2065 introire.
1050 2019 1145 2076 Qui
1171 2035 1281 2066 cum
1313 2034 1342 2066 a
1372 2018 1584 2082 quodam
1616 2017 1676 2065 de

267 2095 415 2143 domo
446 2106 494 2143 et
524 2095 699 2143 familia
729 2095 904 2160 praefati
931 2096 1116 2143 domini
1146 2095 1208 2143 de
1240 2095 1490 2143 Charolois
1516 2095 1679 2143 suisset

269 2173 474 2236 agnitus,
499 2172 560 2220 ab
588 2171 757 2219 eodem
780 2172 899 2219 nihil
921 2173 1188 2238 suspicante
1210 2173 1412 2219 comiter
1432 2182 1503 2219 est
1529 2173 1678 2219 inter-

271 2259 460 2312 rogatus
475 2265 694 2313 quaenam
709 2266 851 2296 causa
865 2249 1023 2314 ipsum
1041 2249 1123 2296 illo
1140 2249 1427 2296 adduxisset.
1448 2249 1544 2306 Qui
1560 2247 1679 2295 nihil

272 2325 412 2373 ctiam
443 2326 503 2373 de
534 2326 610 2374 his
639 2326 781 2374 rebus
816 2327 1062 2388 conscius,
1101 2344 1188 2392 pro
1223 2327 1397 2392 quibus
1429 2327 1564 2376 navis
1597 2326 1679 2373 illo

274 2403 542 2467 appulisset,
564 2404 680 2451 dixit
700 2421 750 2451 se
768 2421 878 2451 cum
898 2405 1091 2469 praefato
1112 2406 1337 2452 Bastardo
1358 2404 1469 2452 illuc
1490 2405 1679 2467 navigio

274 2478 544 2528 adventasse
577 2497 687 2528 cum
720 2482 906 2528 circiter
940 2481 1182 2545 octoginta
1214 2482 1329 2529 viris
1358 2482 1568 2529 armatis.
1603 2480 1680 2527 Ob

331 2617 370 2653 1.
398 2615 468 2653 Fin
486 2615 534 2654 de
555 2616 770 2668 septembre
795 2619 912 2657 1464.

330 2676 371 2713 2.
400 2674 531 2713 C’etait
551 2689 605 2714 un
625 2676 781 2725 homme
801 2680 822 2715 a
839 2686 923 2716 tout
946 2677 1064 2728 faire,
1089 2677 1156 2730 qui
1177 2679 1294 2717 tenait
1312 2679 1336 2718 a
1357 2678 1395 2716 la
1411 2677 1606 2729 puissante
1624 2675 1683 2712 fa-

279 2733 383 2772 mille
403 2733 468 2772 des
489 2736 603 2785 Croy,
625 2749 689 2774 car
708 2736 746 2775 le
764 2737 942 2789 seigneur
959 2737 1008 2776 de
1024 2738 1263 2789 Rubempr6,
1286 2751 1354 2776 son
1375 2737 1490 2783 frere,
1520 2734 1608 2772 etait
1628 2734 1686 2771 fils

278 2792 326 2830 de
344 2793 381 2831 la
397 2806 537 2845 propre
552 2807 654 2833 soeur
667 2794 720 2833 du
735 2796 810 2834 sire
827 2796 875 2835 de
891 2799 1005 2848 Croy.
