2054 3470
416 370 492 409 366
780 371 1121 410 HISTORIARUM
1147 371 1383 410 L'UDOVICI
1410 374 1467 411 XI

414 464 472 507 Et
511 460 715 525 proinde
751 459 979 508 adversus
1020 476 1130 507 eum
1168 460 1477 508 vehementer
1521 462 1820 527 indignatus,

413 549 515 586 tum
535 548 583 585 et
601 548 796 603 propter
812 539 962 585 multa
973 538 1081 593 alia,
1103 555 1208 602 quae
1223 538 1401 603 perfide
1421 556 1582 587 secum
1595 552 1641 589 et
1658 552 1825 591 contra

413 634 463 665 se
493 633 631 681 agere
667 617 743 663 vel
773 616 939 664 dolose
967 626 1110 680 atque
1144 617 1370 664 insidiose
1400 620 1652 667 consulere
1677 631 1825 670 atten-

413 704 559 756 tarat,
598 694 901 759 cupidissime
936 694 1235 742 desiderabat
1276 711 1388 742 eum
1421 696 1482 743 ad
1514 713 1622 745 suas
1655 715 1824 748 manus

411 771 674 837 perducere
698 780 744 817 et
768 770 1005 817 attrahere
1019 808 1031 831 ,
1062 781 1112 816 ut
1135 771 1195 818 de
1217 771 1318 835 ejus
1341 773 1574 837 supplicio
1603 785 1649 823 et
1671 777 1824 841 poenis

411 860 458 898 et
479 857 865 896 suaexsaturaret
887 848 999 894 odia
1018 858 1093 907 ,pet
1112 848 1335 894 omnibus
1356 849 1457 896 aliis
1480 850 1540 897 de
1563 868 1711 916 regno
1734 870 1822 900 suo

411 926 682 991 exemplum
723 925 977 990 praeberet,
1016 935 1293 989 metumque
1327 929 1647 991 praesumendi
1685 929 1823 993 quid-

411 1020 557 1068 quam
578 1003 835 1050 adversum
853 1018 903 1049 se
927 1002 1191 1049 machinari
1214 1003 1503 1050 immitteret.

477 1084 546 1127 Ex
573 1080 646 1127 his
669 1081 812 1144 igitur
845 1081 997 1127 causis
1026 1080 1286 1144 proclivior
1314 1080 1529 1128 redditus
1554 1092 1624 1129 est
1645 1099 1727 1130 rex
1759 1084 1819 1132 ad

412 1169 599 1222 treugas
633 1158 956 1205 conciliandas
981 1174 1094 1204 cum
1123 1157 1271 1219 duce,
1313 1168 1359 1205 et
1381 1159 1638 1207 nonnullas
1668 1171 1821 1224 gratas

409 1236 567 1283 eidem
599 1235 710 1283 duci
743 1245 886 1299 atque
921 1234 1057 1282 utiles
1089 1235 1391 1283 conditiones
1422 1236 1671 1298 laxandas,
1703 1255 1821 1302 quas

410 1313 569 1360 forsan
603 1313 717 1360 alias
744 1313 939 1359 minime
978 1311 1140 1359 suisset
1175 1312 1473 1360 obtenturus.
1518 1315 1649 1361 Initae
1681 1315 1821 1378 igitur

410 1400 457 1437 et
492 1399 750 1455 compactae
785 1389 917 1436 fuere
947 1398 1124 1452 treugae
1161 1389 1284 1436 inter
1326 1406 1485 1453 regem
1529 1400 1577 1437 et
1615 1391 1817 1452 ducem,

409 1467 539 1516 circa.
557 1483 770 1514 mensem
790 1465 1018 1525 octobris,
1041 1482 1170 1512 anno
1194 1467 1457 1514 Dominicae·
1478 1467 1820 1516 incarnationis

409 1546 781 1602 M.cccc.1,xxv.¹,
808 1543 868 1589 ad
891 1559 1067 1590 novem
1105 1560 1257 1590 annos
1291 1543 1558 1604 duraturae,
1593 1546 1820 1610 permissa

408 1622 808 1670 commerciorum
831 1630 878 1668 et
908 1621 1243 1684 trajectionum
1273 1621 1399 1668 ultro
1431 1623 1649 1686 citroque
1671 1623 1820 1669 libera

409 1702 631 1750 facultate
646 1737 658 1759 ‚
685 1716 792 1764 quae
820 1717 907 1764 per
929 1716 1082 1747 annos
1106 1700 1320 1764 quinque
1342 1700 1599 1747 continuos
1619 1700 1820 1747 inhibita

409 1789 646 1827 manserat
690 1795 800 1825 cum
845 1794 1018 1841 magna
1053 1777 1384 1825 dominiorum
1422 1789 1470 1825 et
1515 1777 1818 1826 subditorum

407 1856 653 1919 utriusque
672 1854 898 1920 principis
912 1854 1097 1918 jactura
1121 1864 1167 1901 et
1182 1854 1590 1901 incommoditate.

473 1937 524 1979 In
555 1949 652 1995 quo
679 1941 952 1994 treugarum
986 1931 1327 1978 novennalium
1357 1930 1579 1988 articulo,
1615 1947 1677 1976 ne
1711 1947 1818 1995 pro-

406 2016 582 2063 lixitate
600 2015 746 2062 nimia
771 2014 937 2061 lectori
961 2013 1202 2060 fastidium
1223 2013 1474 2060 inducatur
1491 2050 1502 2072 ‚
1527 2012 1658 2060 hunc
1673 2030 1817 2078 quar-

406 2104 508 2140 tum
547 2093 823 2139 claudemus
850 2091 1056 2151 librum,
1095 2108 1200 2155 quae
1236 2100 1491 2156 supersunt
1531 2107 1588 2139 ex
1623 2091 1818 2139 alterius

406 2170 607 2217 exordio
632 2178 988 2235 prosequentes.

459 2333 498 2371 1.
532 2333 600 2370 Les
625 2339 726 2379 actes
749 2330 797 2368 de
824 2338 922 2369 cette
959 2331 1087 2376 treve,
1115 2343 1165 2368 au
1193 2329 1356 2369 nombre
1381 2330 1429 2370 de
1453 2331 1564 2382 cinq,
1593 2339 1680 2370 sont
1709 2331 1816 2371 dates

406 2390 458 2429 du
479 2392 529 2428 13
544 2389 761 2442 septembre
780 2392 897 2429 1475.

856 2606 1028 2630 txx’mcrr
1055 2606 1164 2631 Lumn
1191 2606 1357 2637 QUARTUS
1362 2623 1370 2632 .
