2054 3470
774 371 923 408 LIBER
949 370 1148 408 PRIMUS.
1620 372 1672 409 23

255 460 393 509 blicae
422 460 659 524 jacturam
698 457 887 504 licentia
904 493 918 516 ,
961 457 1012 503 in
1053 455 1325 504 officiorum
1360 455 1637 505 venditione
1655 494 1668 518 ‚

256 538 431 586 abusus
452 537 540 584 fuit
563 535 663 599 (cui
687 533 937 582 consimile
961 534 1011 580 in
1036 532 1356 580 anterioribus
1379 533 1677 599 temporibus

257 615 455 663 minime
475 611 777 660 recolebatur
800 628 902 659 esse
925 610 1125 674 sactum)
1143 646 1155 670 ,
1187 627 1287 657 non
1308 626 1446 657 secus
1467 627 1557 658 nec
1582 611 1672 658 dif-

257 693 460 740 ferenter
480 689 541 737 de
564 689 743 737 caeteris
766 689 901 752 regni
924 687 1092 735 officiis
1114 686 1358 752 agebatur.

320 767 536 816 Habebat
577 783 660 814 rex
702 765 964 830 quemdam
1002 765 1309 813 secretarium
1350 774 1673 829 cognomento

255 849 413 897 Bor-re'
426 851 458 908 ¹,
483 847 679 895 natione
703 846 1053 910 Andegavensi,
1079 844 1255 893 infimae
1275 845 1416 892 sortis
1438 855 1484 892 et
1506 844 1674 892 condi-

255 925 397 974 tionis
418 925 668 972 hominem
701 926 743 985 ¹,
770 924 854 988 qui
875 923 1021 989 paulo
1044 933 1155 971 ante
1188 922 1393 970 famulus
1423 921 1674 986 cujusdam

253 1002 578 1069 procuratoris
603 1017 859 1049 causarum
880 1017 963 1048 seu
995 1000 1233 1048 secretarii
1268 999 1456 1047 Parisiis
1487 1000 1677 1047 exstite-

254 1090 353 1142 rat,
379 1080 464 1128 sed
485 1096 648 1144 regem
673 1080 723 1126 in
747 1078 1052 1127 Brabantiam
1077 1078 1230 1126 fuerat
1252 1087 1458 1126 secutuS.
1487 1077 1559 1124 Illi
1586 1077 1675 1125 soli

252 1157 424 1206 licebat
459 1157 637 1205 litteras
659 1156 929 1204 collationis
956 1171 1373 1221 quorumcumque
1404 1153 1675 1202 officiorum

256 1235 444 1300 signare
461 1244 507 1282 et
524 1233 778 1282 conficere.
805 1234 876 1281 Ad
896 1249 1042 1298 quem
1059 1250 1171 1281 cum
1189 1233 1274 1292 illi,
1292 1233 1378 1298 qui
1393 1232 1481 1280 sibi
1496 1231 1674 1280 donata

253 1312 489 1379 putabant
525 1311 711 1370 officia,
738 1329 828 1377 pro
851 1327 1046 1359 suarum
1077 1311 1383 1377 expeditione
1409 1310 1674 1358 litterarum

252 1399 623 1451 concurrerent,
671 1406 762 1455 pro
806 1390 991 1454 signeto
1033 1390 1175 1437 unius
1222 1389 1388 1437 litterae
1430 1387 1673 1436 interdum

252 1467 598 1533 quinquaginta
633 1476 797 1528 scuta,
834 1467 1077 1514 interdum
1114 1476 1308 1514 centum
1351 1476 1396 1514 et
1439 1466 1669 1531 ampliuS‚

254 1555 490 1610 quantum
538 1554 758 1611 poterat,
815 1544 1128 1609 extorquebat
1154 1545 1192 1603 ⁸3
1242 1560 1331 1591 nec
1376 1543 1536 1590 minus
1581 1559 1672 1608 pro

254 1623 456 1670 minimo
501 1620 711 1669 officiolo
767 1621 936 1669 decem
989 1622 1144 1670 aureis
1193 1620 1411 1686 exigebat
1437 1657 1450 1680 ,
1502 1630 1673 1686 praeter

253 1699 512 1747 honoraria
546 1715 652 1763 quae
678 1699 928 1758 ministris,
964 1716 1088 1764 quos
1118 1698 1208 1746 sub
1240 1715 1291 1746 se
1324 1708 1641 1764 assumpserat
1658 1736 1669 1757 ‚

251 1776 395 1824 etiam
447 1775 551 1823 dari
601 1775 878 1840 oportebat,
927 1777 1038 1840 qui,
1085 1775 1313 1841 luporum
1355 1791 1492 1822 more
1537 1775 1675 1823 famis

305 1911 343 1948 1.
373 1909 470 1946 Jean
490 1907 661 1956 Bourre,
689 1907 776 1959 plus
801 1907 887 1946 tard
911 1908 1096 1947 tresorier
1120 1909 1170 1947 de
1193 1911 1340 1948 France
1359 1917 1398 1947 et
1416 1908 1597 1961 seigneur
1618 1907 1672 1948 du

247 1965 386 2006 Plessis
409 1979 458 2005 en
473 1966 622 2015 Anjou,
640 1966 797 2005 homme
812 1967 929 2005 d'une
946 1966 1065 2006 haute
1085 1968 1275 2019 capacite,
1295 1967 1415 2019 qu’on
1432 1975 1527 2020 peut
1545 1967 1672 2006 consi-

248 2024 363 2064 derer
383 2038 533 2064 comme
551 2026 588 2064 le
604 2026 777 2065 ministre
795 2026 861 2065 des
880 2026 1049 2064 finances
1070 2024 1119 2065 de
1137 2026 1255 2066 Louis
1274 2029 1346 2065 XI.

302 2087 342 2124 2.
371 2085 404 2124 11
425 2086 516 2124 etait
539 2085 681 2125 d’aussi
700 2085 830 2125 bonne
850 2086 999 2124 maison
1016 2099 1093 2137 que
1112 2086 1226 2125 Basin
1242 2116 1252 2134 ‚
1273 2093 1528 2138 appartenant
1551 2087 1571 2124 a
1595 2098 1673 2124 une

248 2145 392 2185 familie
409 2146 623 2185 honorable
641 2147 689 2186 de
709 2147 748 2186 la
763 2146 1010 2199 bourgeoisie
1029 2146 1078 2185 de
1095 2146 1430 2199 Chateaugontier.
1462 2147 1540 2185 Son
1561 2145 1672 2197 pere,

250 2204 467 2244 Guillaume
493 2206 640 2244 Bourre
654 2237 664 2255 ,
687 2206 792 2245 sieur
810 2206 858 2244 de
874 2206 912 2244 13
927 2206 1255 2254 Brosse·Bourr(':‚
1277 2205 1334 2247 lui
1353 2205 1457 2244 avait
1483 2205 1550 2244 fait
1573 2204 1673 2243 faire

251 2263 299 2302 de
316 2263 464 2304 bonnes
477 2265 610 2304 etudes
632 2267 652 2303 3
672 2265 794 2304 Paris.
814 2266 990 2303 Extraits
1008 2267 1073 2302 des
1094 2268 1217 2302 Titres
1235 2267 1288 2302 du
1305 2266 1461 2314 Plessis,
1481 2279 1521 2317 p.
1538 2266 1632 2314 137,
1647 2265 1670 2302 a

249 2324 288 2363 la
305 2324 405 2365 Bibl.
425 2325 521 2378 imp.
542 2325 702 2365 Cabinet
719 2325 787 2363 des
802 2325 937 2371 Titres,
962 2324 1110 2364 dossier
1127 2328 1287 2363 Bourre'.

305 2386 344 2422 3.
374 2387 444 2424 Ces
462 2384 574 2433 abus,
595 2384 689 2423 dont
706 2385 854 2423 Bourre
872 2397 923 2422 ne
941 2382 1073 2423 donna
1093 2398 1162 2436 pas
1180 2384 1387 2436 l’exemple
1401 2383 1456 2422 lui
1472 2383 1554 2422 seul
1572 2382 1613 2422 ni
1631 2383 1668 2422 le

252 2442 418 2494 premier
431 2473 442 2491 ,
463 2443 604 2482 etaient
622 2444 999 2482 malheureusement
1017 2443 1254 2495 encourages
1272 2456 1344 2495 par
1363 2442 1511 2496 l’usage
1525 2442 1668 2481 imme-

255 2502 389 2540 morial
405 2501 695 2541 d'abandonner
712 2516 791 2540 aux
808 2502 1031 2541 secretaires
1048 2502 1100 2540 du
1117 2503 1175 2540 roi
1194 2515 1248 2540 un
1265 2502 1367 2541 droit
1384 2515 1452 2540 sur
1470 2502 1525 2540 les
1544 2502 1670 2540 nomi-

255 2559 418 2601 nations.
437 2563 542 2599 Nous
558 2574 679 2600 avons
696 2574 838 2600 encore
854 2561 892 2599 la
912 2561 1058 2599 minute
1077 2561 1144 2599 des
1163 2561 1293 2599 lettres
1310 2569 1482 2612 patentes
1500 2575 1572 2612 par
1590 2561 1669 2599 les-

256 2619 401 2669 quelles
417 2622 562 2659 Bourre
576 2621 635 2659 fut
651 2635 807 2672 pourvu
826 2621 875 2660 de
894 2634 936 2659 sa
953 2621 1111 2674 charge,
1128 2621 1164 2659 le
1183 2622 1234 2658 29
1250 2620 1376 2668 juillet
1394 2623 1512 2659 1461.
1529 2621 1560 2658 Il
1575 2634 1601 2671 y
1614 2629 1671 2658 est

257 2678 408 2730 specifie
428 2681 519 2730 qu'il
535 2681 664 2729 jouira
682 2681 749 2720 des
767 2682 887 2720 droits
906 2691 944 2721 et
961 2681 1150 2720 benefices
1169 2681 1415 2720 accoutumes
1434 2695 1500 2720 sur
1520 2681 1669 2732 l'expe'-

258 2737 379 2775 dition
399 2738 466 2778 des
482 2739 633 2779 brevets
650 2749 688 2779 et
705 2742 836 2781 lettres
855 2742 904 2780 de
922 2742 1120 2794 provision
1139 2754 1218 2780 aux
1234 2742 1364 2780 offices
1383 2757 1392 2778 z
1417 2758 1434 2775 «
1449 2744 1533 2792 Luy
1550 2753 1670 2779 avons

257 2796 386 2835 donne
399 2806 436 2836 et
451 2799 641 2839 octroie...
652 2829 660 2838 .
678 2800 734 2839 les
753 2801 884 2854 gaiges
900 2801 1181 2840 ordinaires....
1200 2814 1296 2840 avec
1311 2801 1367 2839 les
1384 2801 1546 2839 bourses
1564 2799 1670 2838 ordi·

258 2856 385 2895 naires
403 2865 441 2895 et
459 2857 525 2896 des
543 2858 747 2898 collacions
765 2860 874 2899 audit
890 2860 1002 2899 office
1021 2869 1289 2913 appartenant.
1309 2878 1325 2895 »
1350 2861 1472 2908 Ibid„
1493 2874 1534 2912 p.
1557 2861 1650 2900 193.
