2054 3470
411 354 487 390 104
771 351 1113 389 HISTORIARUM
1138 351 1376 390 LUDOVICI
1402 354 1459 390 XI

475 440 699 488 Mandata
735 440 879 503 igitur
920 456 1006 506 per
1046 449 1193 487 terras
1232 456 1342 488 suas
1381 441 1622 491 destinans
1666 445 1820 495 dictus

409 518 601 566 illustris
622 533 784 564 comes
807 516 868 563 de
894 517 1154 575 Charolois,
1180 534 1291 564 cum
1314 520 1481 583 optimi
1502 521 1726 584 genitoris
1747 525 1822 572 sui

407 596 610 662 imperio
632 611 689 643 ac
709 595 972 656 voluntate,
998 611 1224 657 magnum
1245 605 1386 660 atque
1409 597 1620 645 validum
1642 601 1820 648 exerci-

409 683 513 721 tum
543 672 862 736 congregavit.
895 671 1039 735 Cujus
1069 682 1269 720 conatus
1300 690 1382 720 rex
1410 675 1567 722 enisus
1595 677 1820 727 cohibere

407 760 549 815 atque
579 750 862 815 reprimere,
894 748 944 795 id
975 758 1090 795 tunc
1122 748 1309 797 efficere
1345 767 1444 798 non
1476 754 1650 817 potuit.
1686 755 1820 803 Idem

407 829 550 875 etiam
575 827 789 874 fecerunt
813 825 908 872 dux
937 825 1187 887 Borbonii,
1214 826 1310 874 dux
1335 829 1587 877 Britanniae
1611 831 1662 878 in
1687 833 1822 880 terris

406 906 526 966 suis,
555 904 653 951 dux
684 903 947 965 Calabriae¹,
983 919 1144 952 comes
1175 905 1468 966 Arminiaci¹,
1501 917 1548 954 et
1578 908 1648 954 vir
1679 919 1821 975 atque

407 984 633 1031 dominus
660 981 894 1048 prudenS‚
926 980 1023 1028 dux
1050 983 1412 1030 Nemorsensis³.
1443 985 1664 1033 Militares
1691 989 1821 1035 enim

410 1060 734 1126 expeditiones
769 1068 911 1123 atque
946 1059 1179 1106 exercitus
1219 1076 1386 1108 omnes
1421 1071 1468 1108 et
1499 1062 1692 1126 singuli,
1731 1082 1820 1129 pro

409 1139 557 1187 modo
578 1139 752 1186 virium
774 1153 966 1184 suarum
979 1174 991 1196 ‚
1017 1137 1195 1201 praefati
1218 1138 1455 1203 principes
1473 1139 1784 1204 collegerunt.

473 1216 575 1263 Sibi
613 1224 774 1262 autem
806 1213 1012 1260 invicem
1051 1213 1317 1261 condixisse
1350 1214 1622 1263 ferebantur
1657 1218 1818 1281 quod,

409 1293 471 1341 ad
502 1302 686 1340 certum
714 1291 867 1351 diem,
902 1307 1070 1338 omnes
1103 1301 1151 1337 et
1182 1291 1354 1355 singuli
1381 1308 1493 1339 cum
1521 1294 1618 1340 suis
1649 1295 1822 1343 milita-

407 1369 539 1417 ribus
577 1367 729 1433 copiis
765 1377 907 1431 atque
941 1366 1224 1414 exercitibus
1256 1366 1485 1415 deberent
1522 1368 1649 1416 circa
1687 1371 1824 1417 Pari-

408 1447 614 1494 siensem
640 1443 809 1491 urbem
830 1443 880 1489 in
904 1459 1055 1490 unum
1078 1443 1358 1503 convenire,
1385 1453 1431 1490 et
1452 1443 1569 1504 illic,
1597 1446 1646 1492 in
1671 1462 1824 1494 unum

409 1522 618 1584 collecti,
653 1537 815 1585 regem
846 1520 1044 1584 quidem
1079 1521 1288 1585 primum
1323 1521 1592 1584 adhortari,
1627 1523 1825 1572 demum

409 1603 576 1662 etiam,
607 1600 690 1648 ubi
720 1599 938 1648 reluctari
965 1609 1107 1663 atque
1132 1598 1360 1647 obsistere
1387 1599 1551 1660 vellet,
1582 1611 1825 1651 coarctare

409 1690 463 1727 ut
483 1679 535 1726 in
562 1679 691 1742 regia
714 1694 799 1725 sua
826 1676 1078 1724 Parisiensi
1106 1677 1352 1724 universos
1380 1678 1515 1741 regni
1536 1680 1647 1726 Tres
1667 1680 1826 1728 Status

410 1756 687 1805 solemniter
696 1763 1023 1819 congregaret,
1039 1769 1247 1817 quorum
1260 1754 1458 1801 consilio
1475 1764 1619 1819 atque
1631 1771 1824 1803 assensu

410 1850 633 1900 proceres
669 1832 803 1896 regni
833 1831 1108 1896 praefatique
1139 1831 1378 1896 principes
1413 1830 1541 1894 leges
1571 1841 1619 1879 et
1650 1841 1825 1881 statuta

409 1922 552 1976 atque
569 1910 758 1957 decreta
776 1918 1029 1974 ponerent,
1052 1907 1226 1971 quibus
1242 1908 1399 1972 ipsum
1416 1924 1618 1971 regnum
1635 1908 1706 1973 (in
1725 1927 1823 1974 quo

410 1988 602 2055 populis
637 1986 830 2034 libertas
868 1985 1021 2047 nulla,
1057 1985 1236 2048 justitia
1277 1985 1467 2049 penitus
1504 1996 1743 2051 prostrata
1777 1998 1826 2035 et

410 2068 567 2132 lapsa,
602 2064 801 2129 rapinae,
836 2061 988 2127 spolia
1018 2078 1308 2126 pauperum,
1342 2062 1547 2125 injuriae,
1578 2062 1825 2111 bonorum

411 2143 703 2208 direptiones
739 2157 829 2205 pro
863 2139 1013 2186 nihilo
1034 2138 1306 2199 ducuntur,
1349 2150 1396 2187 et
1430 2141 1693 2189 innumerae
1722 2143 1826 2190 aliae

410 2219 757 2279 exorbitantiae,
786 2216 875 2264 sub
906 2217 1038 2280 regio
1068 2217 1286 2277 nomine,
1316 2217 1639 2266 inhumaniter
1661 2228 1710 2266 et
1730 2219 1824 2266 ini-

411 2313 505 2362 que
539 2303 839 2354 exercentur,
876 2293 1041 2356 religio
1076 2303 1239 2340 sancta
1274 2293 1585 2342 conculcatur
1622 2304 1670 2341 et
1706 2311 1825 2343 con-

412 2373 613 2438 temptui
645 2370 868 2430 habetur,
907 2371 1153 2417 immensis
1189 2381 1236 2418 et
1268 2371 1645 2419 intolerabilibus
1676 2374 1823 2420 vecti-

412 2451 595 2516 galibus
627 2459 676 2497 et
706 2447 893 2496 tributis
930 2448 1220 2512 singularum
1259 2448 1429 2496 accolae
1464 2448 1823 2513 provinciarum

410 2528 739 2578 miserabiliter
757 2526 1114 2592 opprimuntur)
1134 2527 1475 2575 instauraretur
1491 2525 1750 2591 aliquando
1773 2530 1822 2576 in

410 2608 594 2656 melius.

465 2738 503 2774 1.
533 2737 628 2773 Jean
640 2765 650 2783 ,
671 2732 746 2770 duc
763 2731 811 2770 de
828 2729 1013 2769 Lorraine
1036 2737 1074 2768 et
1096 2728 1143 2767 de
1161 2727 1343 2778 Calabre‚
1366 2729 1425 2767 fils
1443 2729 1496 2767 du
1514 2730 1573 2768 roi
1591 2730 1711 2769 Re'ne.

463 2797 503 2832 Ξ.
533 2796 650 2841 Jean,
671 2800 795 2830 comte
814 2790 1082 2841 d'Armagnac.

463 2856 502 2892 3.
533 2856 696 2903 Jacques
715 2851 992 2903 d’Armagnac,
1013 2847 1088 2887 duc
1107 2847 1155 2886 de
1175 2851 1377 2886 Nemours.
