2054 3470
410 351 486 388 336
772 349 1112 387 HISTORIARUM
1139 349 1374 387 LUDOVICI
1400 351 1457 387 XI

408 447 572 485 carant
606 437 698 484 illic
742 441 913 500 magna
953 435 1155 484 militum
1191 436 1431 501 praesidia,
1481 436 1816 502 undecumque

409 523 663 579 potuerant
705 512 1045 572 collectorum,
1089 512 1172 576 qui
1217 512 1279 559 ad
1316 529 1570 560 numerum
1607 512 1735 561 mille
1771 522 1817 560 et

408 590 816 655 octingentorum,
841 590 1009 654 praeter
1042 587 1136 636 loci
1170 588 1354 637 accolas
1372 627 1384 651 ,
1411 589 1666 638 ascendere
1694 590 1817 639 fere-

406 666 598 715 bantur.

875 823 1213 869 CAPlTULUM
1246 825 1346 870 XII.

407 952 460 986 De
475 950 699 998 providentia
714 959 746 985 et
763 949 934 985 industria
953 951 1173 985 obsessorum
1196 959 1230 985 et
1244 951 1526 997 Coloniensium,
1547 959 1582 986 et
1603 950 1648 986 de
1662 950 1817 987 adventu

451 1005 671 1052 imperatoris
697 1004 903 1049 Coloniam,
931 1013 1034 1050 atque
1059 1005 1213 1039 exercitu
1230 1017 1334 1051 quem
1358 1017 1403 1040 ex
1417 1013 1492 1040 tota
1507 1017 1606 1053 paene
1625 1004 1815 1040 Germania

452 1058 524 1093 illic
543 1058 767 1105 congregavit
781 1059 806 1091 ¹.

470 1177 615 1239 Igitur
632 1193 742 1223 cum
767 1175 1020 1229 obsidione
1054 1193 1136 1223 eos
1171 1177 1392 1225 cinxisset
1422 1177 1814 1241 Burgundionum

404 1253 501 1300 dux
518 1291 530 1314 ,
560 1263 606 1300 et
642 1271 837 1318 magnas
860 1254 943 1301 illo
966 1254 1128 1318 copias
1150 1255 1479 1315 contraxisset,
1504 1265 1602 1302 tam
1622 1271 1818 1302 suorum

405 1330 802 1394 Burgundionum
838 1340 885 1377 et
914 1331 1223 1378 Picardorum
1258 1348 1400 1395 quam
1423 1333 1563 1379 etiam
1594 1332 1818 1379 Italorum

404 1418 450 1455 et
474 1408 752 1471 Anglorum,
777 1424 899 1472 quos
923 1407 984 1454 ad
1006 1424 1092 1455 sua
1114 1408 1303 1456 fovebat
1325 1410 1576 1475 stipendia,
1602 1425 1700 1456 non
1723 1419 1819 1457 tam

404 1485 591 1533 facilem
630 1486 778 1550 ipsius
815 1484 980 1549 oppidi
1019 1486 1267 1550 comperiit
1308 1487 1709 1551 expugnationem
1743 1486 1820 1533 vel

405 1562 719 1621 deditionem,
745 1562 994 1626 quomodo
1019 1563 1154 1609 initio
1177 1573 1307 1610 ratus
1332 1574 1434 1611 erat
1457 1563 1641 1629 sibique
1672 1564 1821 1612 suerat

404 1649 694 1703 suggestum.
730 1642 851 1686 Nam
876 1639 1135 1704 oppidani,
1187 1641 1256 1687 uti
1283 1641 1467 1704 egregie
1499 1651 1544 1688 et
1571 1641 1822 1707 opulenter

403 1715 688 1762 victualibus
710 1725 758 1762 et
780 1716 924 1763 armis
955 1725 1054 1762 erat
1084 1716 1307 1763 refertum
1339 1717 1591 1782 oppidum,
1620 1719 1684 1766 ita
1711 1735 1820 1765 cum

402 1792 650 1852 militibus,
697 1809 820 1856 quos
856 1792 905 1838 in
947 1792 1170 1857 praesidio
1206 1793 1449 1841 habebant
1465 1831 1476 1853 ‚
1519 1794 1821 1841 solertissime

402 1880 545 1934 atquc
568 1869 894 1916 strenuissime
918 1886 1021 1916 sese
1052 1871 1133 1916 ac'
1163 1870 1397 1935 oppidum
1426 1887 1566 1917 suum
1589 1870 1820 1918 tutaban-

403 1956 497 1993 tur.
526 1949 632 1993 Una
652 1947 779 1993 enim
802 1963 913 2010 pars
932 1963 1099 1995 eorum
1134 1947 1325 1994 alternis
1345 1947 1544 2008 vicibus,
1567 1964 1754 2013 semper
1772 1949 1820 1995 in

403 2025 641 2072 moenibus
664 2034 806 2088 atque
829 2025 1057 2084 turribus,
1083 2034 1130 2071 et
1153 2025 1277 2071 inter
1297 2025 1397 2089 ipsa
1421 2026 1597 2073 moenia
1619 2036 1666 2073 et
1691 2037 1822 2074 ante-

406 2103 589 2149 murale
601 2103 632 2160 ³,
658 2101 735 2148 die
758 2111 1002 2165 noctuque
1025 2101 1304 2162 excubabat,
1332 2103 1578 2167 explorare
1600 2121 1701 2151 non
1719 2121 1820 2152 ces·

458 2240 496 2278 1.
529 2236 711 2288 Chapitre
728 2236 908 2287 imprime
922 2236 1017 2275 dans
1034 2236 1307 2288 l'Amplissima
1317 2241 1498 2287 collectio,
1513 2247 1541 2278 t.
1560 2242 1626 2290 IV,
1639 2240 1713 2279 col.
1725 2242 1817 2282 775.

458 2298 498 2335 2.
529 2297 596 2333 Ad
612 2295 707 2333 dans
727 2295 763 2333 le
779 2309 852 2335 ms.
1742 2342 1748 2348 ‚

460 2356 498 2394 3.
534 2370 552 2389 α
582 2354 704 2391 Estoit
734 2356 883 2404 Nuysse
916 2353 1179 2393 notablement
1204 2356 1338 2395 touree
1366 2357 1414 2395 de
1446 2357 1591 2409 pierres
1624 2357 1672 2396 de
1707 2359 1817 2410 gres,

405 2413 678 2465 puissamment
699 2414 831 2451 murce
850 2413 898 2452 de
917 2414 1023 2452 riche
1043 2415 1221 2462 fernme,
1243 2416 1390 2464 hauste,
1410 2417 1597 2469 espaisse,
1615 2425 1652 2455 et
1674 2418 1821 2456 renfor-

405 2473 471 2512 ce'e
492 2472 540 2511 de
558 2473 675 2511 fortes
694 2472 882 2512 braiesses
902 2477 914 2519 (
925 2483 1103 2527 parapets
1122 2476 1356 2525 antefieurs)
1377 2476 1631 2523 subtelement
1656 2491 1820 2530 compo-

405 2532 489 2570 sees
507 2532 556 2570 dc
575 2532 702 2584 pierre
720 2541 757 2570 et
778 2532 826 2571 de
848 2533 999 2584 brique,
1035 2543 1073 2573 et
1098 2548 1145 2573 en
1168 2549 1313 2574 aucuns
1337 2536 1456 2583 lieux,
1485 2544 1610 2574 toutes
1633 2536 1680 2574 de
1701 2545 1817 2586 terre,

348 2614 355 2620 ·
405 2592 587 2630 tournees
606 2593 627 2629 ὸ
650 2592 823 2630 deffence
851 2606 920 2644 par
949 2592 1112 2632 mirable
1131 2595 1276 2633 artifice
1303 2609 1403 2647 pour
1427 2595 1581 2644 rejetter
1607 2596 1663 2635 les
1684 2597 1819 2635 assail-

406 2651 510 2698 lans;
543 2659 650 2689 entre
683 2651 888 2702 lesquelles
918 2662 955 2691 et
989 2653 1141 2692 lesdiets
1170 2668 1296 2702 murs,
1320 2669 1346 2706 y
1367 2656 1473 2693 avoit
1504 2656 1669 2695 certains
1701 2657 1818 2696 fosses

406 2710 508 2748 asses
526 2709 704 2761 parfens3
726 2719 765 2747 et
784 2709 832 2747 de
849 2711 985 2750 rechef
998 2713 1158 2751 estoient
1179 2713 1318 2752 devant
1334 2715 1507 2754 lesdictes
1523 2715 1660 2767 brayes
1674 2716 1818 2755 aultres

407 2782 522 2822 grans
553 2769 672 2807 fosses
700 2769 912 2809 d'extreme
940 2773 1192 2825 prosondeur,
1213 2774 1329 2813 cimes
1356 2775 1412 2814 les
1439 2776 1618 2824 aulcuns,
1639 2784 1678 2814 et
1695 2775 1818 2827 pleins

405 2827 519 2866 d'eau
541 2830 562 2866 a
586 2837 697 2880 grant
715 2829 895 2882 largesse.
921 2848 939 2865 x·
962 2832 1134 2880 Molinet,
1161 2834 1403 2883 Chmniques‚
1424 2835 1450 2873 l.
1471 2838 1505 2882 Ι,
1525 2849 1561 2876 c.
1582 2849 1611 2875 ι.
