2054 3470
418 297 468 333 18
781 294 1123 333 HISTORIARUM
1149 295 1389 333 LUDOVICI
1414 295 1474 331 XI

417 385 527 430 Dux
559 393 719 446 tamen
757 382 1014 443 Borbonii,
1058 400 1147 448 pro
1185 400 1274 431 suo
1306 383 1535 431 comitatu
1573 391 1620 430 et
1661 382 1831 444 turba,

417 460 633 551 profecto
655 460 789 509 nullo
815 461 1012 508 inferior
1035 460 1139 508 suit.

481 541 603 586 Cum
639 548 799 586 autem
840 555 922 605 rex
963 539 1012 585 in
1049 538 1180 585 illam
1213 538 1537 586 venerandam
1584 512 1834 586 ecclesiam

415 615 646 679 majorem
676 616 955 676 introiisset,
993 625 1040 663 et
1072 615 1341 663 orationem
1372 619 1475 663 Deo
1514 615 1836 680 omnipotenti

415 709 471 740 ac
498 692 712 755 gloriosae
739 692 947 755 Virgini,
985 691 1198 755 ejusdem
1223 691 1390 756 templi
1415 702 1463 739 et
1484 691 1691 739 ecclesiae
1720 708 1834 756 spe-

414 769 519 816 ciali
542 779 780 834 patronae,
815 786 902 834 pro
926 785 1012 816 sua
1035 769 1293 816 devotione
1316 769 1541 828 fudisset,
1567 785 1834 817 conscenso

412 848 586 894 iterum
607 863 750 911 equo,
772 862 885 893 cum
903 846 1200 911 principibus
1223 863 1279 893 ac
1301 845 1583 911 proceribus
1599 846 1662 894 ad
1679 846 1835 911 regale

413 925 682 990 palatium¹,
722 923 803 970 ubi
824 925 1098 971 convivium
1120 924 1232 971 luxu
1265 924 1410 987 regali
1442 934 1705 989 caeteraque
1723 942 1834 990 per-

413 1002 612 1050 tinentia
631 1001 1093 1067 magnificentissime
1115 1011 1341 1067 apparata
1365 1011 1500 1049 erant
1514 1038 1526 1061 ,
1552 1018 1603 1049 se
1626 1003 1830 1067 recepit,

413 1077 573 1142 ibique
596 1079 909 1144 pernoctavit.

893 1319 1234 1365 CAPITULUM
1275 1321 1352 1364 Vl.

411 1458 569 1502 Qualiter
590 1470 651 1493 rex
673 1456 801 1493 officiis
822 1457 922 1503 regni
938 1457 1151 1505 providerit;
1176 1467 1209 1493 et
1224 1458 1269 1493 de
1288 1459 1492 1507 inexplebili
1511 1461 1676 1506 avaritia,
1697 1462 1830 1511 rapinis

784 1520 886 1558 atque
904 1510 996 1547 dolis
1010 1511 1148 1546 domini
1169 1511 1214 1546 de
1236 1513 1462 1550 Montaulben,

475 1652 690 1699 Crastino
717 1665 877 1699 autem
899 1651 976 1698 die
999 1650 1061 1698 ad
1093 1651 1294 1698 domum
1323 1646 1518 1699 accessit
1550 1669 1655 1716 quae
1688 1653 1832 1718 vulgo

414 1749 436 1773 α
458 1729 520 1776 ad
541 1730 835 1777 Turriculas²
855 1748 876 1773 »
906 1728 1196 1793 appellatur,
1229 1745 1335 1792 quae
1367 1729 1692 1777 Aurelianensi
1718 1730 1831 1778 duci

410 1806 671 1870 spectabat,
686 1807 820 1870 juxta
837 1805 1072 1853 Bastiliam
1090 1805 1240 1853 sancti
1266 1805 1485 1865 Antonii3
1509 1822 1662 1870 prope
1683 1822 1830 1870 quam

411 1883 629 1943 domum,
660 1894 710 1930 ut
734 1883 795 1930 de
814 1899 871 1930 ea
894 1883 1128 1929 anemine
1145 1882 1291 1942 visus,
1317 1899 1428 1928 cum
1447 1882 1603 1940 vellet,
1627 1883 1830 1931 domum

410 1960 558 2007 sancti
576 1959 706 2006 Pauli
719 1961 733 1983 ³
758 1969 917 2024 petere
931 1959 1094 2004 liceret
1120 1958 1138 2020 (
1149 1974 1253 2021 quae
1272 1957 1389 2004 olim
1409 1959 1486 2006 avi
1506 1960 1578 2006 sui
1600 1958 1833 2008 habitatio

413 2038 706 2102 frequentior
729 2037 867 2099 suit),
890 2035 1066 2083 exstrui
1089 2035 1196 2081 fecit
1216 2034 1475 2098 quamdam
1499 2037 1724 2100 galeriam
1749 2054 1831 2085 seu

386 2116 664 2163 'transitum
699 2131 791 2180 =per
830 2124 1154 2162 transversum
1193 2122 1348 2160 stratae
1391 2114 1595 2178 publicae
1614 2118 1653 2177 ¹⁵,
1689 2133 1834 2182 supra

411 2193 530 2258 pilas
564 2210 647 2240 seu
685 2191 935 2238 columnas
965 2190 1201 2237 elevatum
1226 2224 1238 2246 ‚
1282 2191 1345 2238 ita
1381 2192 1513 2256 quod
1546 2210 1632 2258 per
1663 2194 1834 2242 subtus

413 2269 632 2316 curribus
654 2279 702 2316 et
723 2266 963 2333 equitibus
989 2266 1109 2313 liber
1135 2267 1357 2327 transitus
1381 2279 1666 2318 remaneret.

475 2349 698 2405 Quantus
718 2354 879 2393 autem
901 2360 1160 2391 concursus
1183 2343 1244 2391 ad
1265 2344 1393 2392 illam
1418 2346 1586 2394 urbem
1607 2347 1759 2396 suerat
1776 2365 1833 2396 ex

413 2423 636 2472 omnibus
660 2422 919 2488 provinciis
933 2421 1086 2485 regni,
1113 2430 1210 2467 tam
1227 2437 1395 2468 eorum
1422 2424 1505 2486 qui
1526 2424 1617 2471 sub
1647 2426 1833 2490 optimo

413 2502 627 2566 genitore
653 2517 741 2547 suo
778 2499 935 2546 officia
969 2509 1113 2562 atque
1149 2498 1585 2549 administrationes
1619 2502 1833 2568 publicas

468 2625 506 2662 1.
537 2623 599 2660 Au
616 2618 756 2668 Palais,
781 2631 830 2657 en
848 2617 888 2656 la
912 2616 1006 2657 Cite.

467 2681 506 2718 2.
534 2679 687 2718 L’hotel
706 2678 774 2717 des
794 2677 1034 2716 Toumelles.

467 2744 505 2781 3.
536 2740 684 2779 L'hotel
707 2738 950 2779 Saint-Paul.

467 2803 507 2840 4.
536 2803 592 2838 La
610 2812 680 2838 rue
700 2798 1009 2838 Saint-Antoine.
