2054 3470
722 385 867 422 LIBER
895 384 1096 424 PRIMUS.
1571 387 1619 424 37

201 483 478 541 querentur,
509 472 571 520 ab
601 472 702 520 aliis
734 472 863 537 plus,
897 471 958 519 ab
989 471 1093 519 aliis
1124 472 1307 533 minus,
1342 488 1454 519 cum
1479 473 1622 520 etiam

202 553 314 618 ipsae
334 551 460 616 leges
479 548 639 598 civiles
659 551 993 612 Romanorum
1011 547 1250 596 affirment
1267 558 1409 596 tantae
1434 551 1624 597 temeri-

203 630 313 678 tatis
338 638 385 677 et
414 627 622 677 audaciae
647 644 748 675 esse
780 627 934 675 solere
960 626 1333 692 publicanorum
1366 625 1621 688 factiones,

203 716 259 755 ut
271 722 414 755 nemo
433 705 579 754 ferme
595 705 654 752 sit
669 706 753 770 qui
771 705 822 753 id
842 705 1038 752 nesciat.
1061 703 1155 752 Sed
1174 714 1304 752 certe
1322 704 1466 752 nimis
1484 703 1626 770 longe

203 801 230 836 a
271 784 466 832 veritate
508 782 723 849 praedicti
764 782 1053 830 aberrabant
1069 818 1081 841 ,
1133 782 1458 830 existimantes
1496 782 1629 846 quod

204 863 266 912 ad
295 872 474 911 tantam
501 878 761 923 summam,
794 871 984 927 quantae
1009 861 1341 908 remissionem
1363 855 1642 920 faciebant‚”

204 940 482 1006 hujusmodi
517 940 795 988 officialium
838 940 1067 1006 rapinulae
1102 949 1299 1006 possent
1339 939 1627 1001 ascendere,

204 1017 431 1084 quodque
471 1035 583 1066 cum
623 1017 944 1065 diminutione
981 1033 1311 1079 summarum,
1353 1016 1415 1065 de
1456 1017 1631 1082 quibus

190 1095 518 1170 ‘provinciale-s
562 1096 708 1143 levari
753 1104 1032 1162 sperarant,
1076 1094 1138 1142 ad
1179 1096 1414 1159 integram
1431 1132 1443 1153 ‚
1483 1111 1629 1160 quam

205 1171 564 1238 desponderant
585 1173 709 1237 regi,
735 1173 1050 1237 quantitatem
1073 1181 1270 1238 possent
1292 1173 1560 1237 pervenire.

271 1251 430 1313 Unde,
463 1261 720 1317 postquam
755 1261 852 1298 tam
890 1250 1199 1299 collectarum
1236 1250 1334 1298 sive
1350 1244 1631 1310 'talliarum,

206 1343 353 1394 quam
376 1328 739 1393 quadrimarum
769 1338 815 1376 et
843 1327 1134 1392 gabellarum
1165 1327 1299 1387 salis,
1329 1328 1492 1375 animo
1519 1345 1637 1375 con-

206 1414 368 1471 ceptas
391 1414 438 1453 et
459 1405 738 1470 imaginatas
761 1422 1059 1453 summarum
1082 1405 1427 1453 diminutiones
1455 1423 1541 1471 per
1564 1415 1638 1453 to-

208 1493 306 1532 tam
338 1483 611 1532 effuderunt
639 1495 783 1548 atque
810 1483 1118 1550 publicarunt
1145 1484 1445 1550 provinciam
1461 1522 1472 1543 ‚
1501 1501 1636 1531 man-

209 1560 378 1610 dantes
416 1561 805 1623 vicecomitibuS,
844 1562 929 1627 qui
965 1561 1134 1609 fiscum
1176 1561 1476 1608 ordinarium
1515 1561 1638 1626 regis

211 1639 434 1703 colligere
485 1649 856 1697 consueverant,
899 1649 1134 1704 quatenus
1175 1639 1310 1702 juxta
1358 1647 1556 1686 statutas
1593 1648 1641 1686 et

212 1717 482 1765 moderatas
518 1734 604 1782 per
638 1718 769 1783 ipsos
794 1733 1006 1764 summas
1038 1715 1372 1764 collectionem
1403 1715 1634 1775 facerent,

210 1794 474 1859 suppressis
490 1794 682 1858 penitus
701 1803 748 1840 et
769 1793 958 1841 abolitis
977 1803 1120 1858 atque
1137 1809 1228 1858 pro
1245 1802 1462 1858 tempore
1484 1792 1641 1855 quies-

210 1871 428 1920 centibus
448 1870 673 1918 omnibus
690 1870 973 1918 officialibus
989 1870 1300 1931 tributorum,
1321 1869 1404 1934 qui
1421 1870 1639 1935 proxime

210 1958 322 1997 ante
349 1964 461 1995 cum
493 1948 711 1995 maximis
746 1948 974 2013 impensis
1008 1957 1054 1995 et
1081 1946 1329 1995 laboribus
1359 1946 1639 2010 hujusmodi

212 2025 368 2074 officia
392 2042 420 2073 a
442 2042 552 2090 rege
581 2042 710 2072 novo
734 2025 1156 2091 impetrarant¹....
1189 2027 1280 2071 Pro
1304 2023 1638 2088 hujuscemodi

213 2112 372 2151 autem
389 2102 625 2150 mandatis
641 2119 697 2150 ac
717 2119 919 2150 onerum
937 2102 1280 2162 minoratione,
1300 2101 1468 2165 ingens
1484 2101 1640 2150 laetitia

213 2195 300 2244 per
317 2179 585 2227 universam
601 2179 898 2244 provinciam
914 2179 1202 2245 simplicium
1221 2177 1435 2244 plebium
1453 2178 1641 2226 animos

215 2255 389 2318 affecit,
403 2256 537 2322 quod
557 2266 741 2304 tantam
760 2259 1094 2322 pecuniarum,
1116 2274 1233 2322 quas
1250 2256 1523 2322 dependere
1538 2273 1643 2322 per·

217 2343 326 2396 ante
346 2334 472 2382 soliti
495 2343 674 2394 essent,
700 2334 874 2383 factam
898 2345 1097 2401 repente
1118 2335 1339 2394 viderent
1361 2334 1641 2382 diminutio-

218 2426 352 2471 nem,
388 2411 695 2475 sublatosque
731 2423 987 2460 consuetos
1019 2413 1304 2478 publicanos
1336 2422 1384 2460 et
1415 2411 1642 2461 officiales

220 2487 474 2553 impiarum
510 2490 838 2550 exactionum,
866 2508 989 2555 quos
1012 2491 1193 2539 eisdem
1222 2491 1433 2556 impositi
1465 2490 1641 2555 gravis·

222 2565 328 2612 simi
357 2568 514 2615 oneris
542 2585 711 2619 conum
744 2570 1006 2618 ministerio
1034 2571 1227 2637 pondus
1253 2571 1395 2618 simul
1426 2579 1472 2617 et
1501 2570 1642 2618 variae

223 2644 558 2692 concussiones
580 2645 791 2711 dolique,
811 2647 1001 2696 fraudes
1020 2658 1067 2695 et
1089 2649 1266 2714 rapinoe
1284 2647 1479 2697 odiosos
1498 2657 1640 2711 atque

224 2718 402 2766 invisos
422 2722 623 2771 maxime
645 2724 968 2772 reddiderant.

287 2897 322 2933 1.
354 2897 407 2933 Le
427 2908 513 2935 sens
532 2904 631 2936 reste
652 2898 748 2938 ainsi
766 2899 962 2952 suspendu
980 2900 1076 2939 dans
1095 2900 1131 2938 le
1150 2914 1223 2941 ms.
