2054 3470
734 337 882 374 LIBER
915 335 1136 374 TERTIUS.
1568 336 1645 372 269

235 426 441 474 silieutes
467 425 516 472 in
540 423 722 483 hostes,
748 421 944 469 eosdem
974 430 1164 486 turpem
1199 429 1247 468 et
1277 421 1645 484 ignominiosam

235 505 392 568 fugam
409 504 614 567 arripere
635 509 911 564 coegerunt,
935 499 1064 547 caesis
1087 497 1162 546 vel
1176 498 1326 563 captis
1352 513 1407 544 ex
1425 498 1539 562 ipsis
1558 499 1649 545 cir-

235 583 351 629 citer
368 580 428 629 ad
447 579 545 627 duo
571 577 718 625 millia
734 614 746 635 ‚
770 593 882 625 cum
903 577 1109 642 plurima
1132 574 1306 641 praeda.

298 657 636 723 Hujuscemodi
657 666 816 703 autem
844 655 979 703 clade
1001 664 1243 720 suscepta,
1271 655 1354 719 qui
1382 671 1439 701 ex
1468 654 1650 702 eisdem

234 735 467 784 seditiosis
489 744 633 799 atque
649 732 906 780 rebellibus
921 742 1200 798 supererant
1214 768 1228 793 ,
1249 748 1349 779 sese
1368 740 1651 796 receperunt

234 823 281 861 et
311 812 603 876 collegerunt
633 811 683 857 in
715 811 825 858 satis
852 826 1106 858 numerosa
1126 809 1431 857 multitudine
1453 810 1502 855 in
1528 826 1649 873 quo-

234 890 346 938 dam
365 899 531 938 monte
547 924 559 948 ‚
589 888 650 936 ab
673 904 729 935 ea
752 887 870 935 urbe
892 887 1094 934 distante
1115 895 1322 951 quatuor
1349 885 1643 934 milliaribus.

233 971 287 1015 ln
307 983 407 1032 quo
430 967 564 1026 loco,
588 982 698 1012 cum
712 1002 725 1027 ‚
752 965 927 1012 exactis
948 963 1100 1011 tribus
1124 972 1205 1011 aut
1225 973 1433 1028 quatuor
1454 962 1645 1020 diebus,

235 1044 296 1093 de
323 1045 444 1109 regis
480 1042 691 1091 Edoardi
723 1042 930 1090 adventu
970 1042 1248 1107 propinquo
1281 1040 1647 1099 intellexissent,

234 1121 380 1187 ipsius
390 1121 586 1168 minime
601 1119 703 1168 ausi
713 1128 983 1185 exspectare
995 1135 1320 1182 congressum,
1343 1134 1504 1164 versus
1516 1133 1651 1165 oram

236 1199 522 1247 maritimam
547 1197 865 1260 diffugientes,
892 1197 1011 1261 fugae
1031 1195 1250 1261 praesidio
1280 1194 1370 1243 sibi
1397 1195 1653 1242 consulue-

237 1287 377 1337 runt,
409 1276 471 1323 ad
503 1275 687 1322 diversa
716 1291 765 1322 se
795 1274 927 1333 loca,
957 1283 1060 1320 tum
1090 1274 1285 1339 propria
1315 1273 1515 1338 partim,
1551 1282 1652 1319 tum

238 1354 380 1401 etiam
405 1353 582 1413 aliena,
605 1350 919 1399 conferentes.

693 1591 1033 1681 cAm'r'uLnM
1067 1614 1188 1659 x111.

274 1767 328 1801 De
342 1765 466 1800 iterato
481 1763 639 1800 Edoardi
658 1763 751 1811 regis
768 1764 930 1811 ingressu
943 1761 1164 1806 londonias,
1185 1769 1297 1796 morte
1314 1760 1457 1797 Henrici
1474 1770 1508 1797 et
1523 1763 1620 1797 totali

496 1824 800 1860 consummatione
815 1822 1093 1870 recuperationis
1106 1822 1206 1869 regni
1222 1822 1358 1869 Angliae
1369 1822 1397 1859 ¹.

283 1963 399 2016 'Rex
434 1974 594 2018 autem
631 1966 878 2015 Edoardus
907 1982 1020 2014 cum
1052 1965 1258 2014 exercitu
1273 2002 1286 2026 ‚
1328 1967 1557 2014 aestimato
1595 1966 1658 2014 ad

242 2046 431 2110 triginta
452 2045 599 2093 millia
620 2047 835 2110 equitum
850 2082 862 2104 ,
890 2045 1141 2092 comitatus
1164 2044 1441 2109 proceribus
1458 2055 1503 2092 et
1523 2044 1659 2092 nobi-

241 2123 366 2172 libus
386 2125 529 2172 totius
551 2125 684 2188 regni
707 2124 887 2188 majore
905 2141 962 2172 ex
983 2132 1143 2189 parte,
1168 2140 1278 2170 cum
1300 2140 1474 2188 magno
1498 2125 1661 2171 trium-

242 2201 343 2268 pho
383 2213 430 2249 et
466 2202 696 2268 applausu
745 2201 914 2267 populi
957 2218 1093 2250 suam
1129 2202 1307 2266 regiam
1351 2202 1654 2262 Londonias‚

241 2297 339 2326 xxi.
359 2280 437 2328 die
458 2279 673 2344 ejusdem
697 2280 873 2327 mensis
892 2279 1025 2340 maii,
1051 2289 1122 2326 est
1139 2279 1392 2343 ingressus.
1424 2279 1492 2326 Ad
1525 2281 1660 2343 cujus

244 2358 386 2406 etiam
410 2373 581 2406 manus
603 2358 789 2422 captiva
820 2356 1026 2407 adducta
1062 2367 1133 2404 est
1163 2357 1322 2404 infelix
1351 2357 1431 2405 illa
1462 2357 1661 2405 domina

245 2437 504 2500 Margareta
526 2436 780 2502 pluresque
807 2437 1042 2501 capitanei
1073 2445 1120 2482 et
1152 2436 1355 2482 militum
1378 2436 1524 2483 duces
1540 2473 1552 2496 ‚
1579 2438 1658 2501 qui

247 2513 402 2560 mariti
422 2529 710 2577 suarumque
733 2523 780 2561 et
806 2513 889 2560 filii
912 2514 984 2560 sui
1007 2514 1212 2578 partium
1236 2514 1423 2562 fuerant
1445 2514 1662 2560 defenso-

247 2591 455 2654 res‚‡qui
476 2607 506 2639 a
526 2592 667 2639 variis
691 2591 901 2639 Edoardi
920 2590 1123 2638 ducibus
1140 2629 1152 2650 ,
1178 2601 1285 2655 post
1307 2591 1522 2657 praelium
1542 2590 1660 2637 illud

248 2666 465 2716 habitum
499 2685 652 2734 prope
688 2669 850 2717 villam
888 2669 948 2716 de
992 2668 1262 2732 Tewsbary‚
1307 2679 1354 2717 et
1389 2679 1499 2717 ante
1531 2668 1661 2714 hunc

304 2830 343 2868 1.
372 2828 552 2879 Chapitre
571 2828 643 2866 tire
664 2828 713 2866 de
730 2828 768 2867 la
786 2830 911 2867 meme
930 2842 1065 2867 source
1084 2843 1159 2880 que
1179 2829 1234 2867 les
1252 2828 1490 2880 precedents.
