2054 3470
708 309 850 347 LIBER
875 308 1147 349 SECUNDUS.
1563 312 1639 350 137

231 417 340 449 rum
367 399 548 466 specie„
573 397 680 465 plus
704 397 766 445 de
792 397 894 461 ejus
916 396 1094 460 gratia,
1118 396 1277 444 minus
1303 413 1418 445 vero
1450 398 1512 447 de
1540 400 1640 464 ejus

230 476 529 526 simulatione
563 484 611 523 et
639 474 752 522 dolo
774 474 1003 539 suspicari
1024 474 1391 539 permitteretur.
1414 475 1509 522 Sed
1542 492 1639 540 quo

230 553 282 602 id
312 563 469 618 ageret
499 552 687 612 animo,
721 567 962 616 quamque
990 550 1080 598 suh
1100 550 1462 615 hujuscemodi,
1494 553 1642 601 veluti

231 647 442 680 escarum
466 629 605 678 melle
633 630 884 687 illitarum,
917 630 1245 692 integumento
1266 628 1538 676 lethiferum
1574 639 1641 678 te-

229 718 415 775 geretur
455 707 716 772 lateretque
749 723 1015 766 venenum‚
1060 723 1222 754 rerum
1269 716 1468 755 eventus
1482 745 1495 768 ‚
1534 725 1640 773 quae

229 785 371 854 paulo
401 795 512 850 post
545 784 807 833 subsecutae
838 794 1013 832 suntet
1031 802 1118 850 per
1138 802 1298 850 regem
1320 795 1484 850 gestoe,
1504 788 1641 835 omni

226 863 530 927 ambiguitate
551 873 734 911 semota
748 900 761 925 ,
787 862 1107 910 declararunt.

290 940 482 1006 Recepit
501 941 662 1006 itaque
679 956 709 988 a
731 956 840 1005 rege
859 956 965 1005 quae
982 949 1098 988 tunc
1114 940 1271 1006 petiit,
1295 949 1393 989 tam
1414 958 1506 1007 pro
1525 958 1642 1007 prae-

225 1018 322 1068 fato
357 1018 559 1067 domino
596 1018 794 1080 Carolo‚
828 1019 950 1083 regis
976 1035 1204 1082 germano
1222 1056 1235 1079 ,
1261 1035 1406 1084 quam
1440 1036 1531 1085 pro
1561 1038 1638 1079 se,

223 1113 384 1146 comes
406 1097 614 1146 illustriS.
641 1100 886 1155 Quantum
908 1106 1066 1144 autem
1091 1114 1182 1163 pro
1213 1097 1315 1145 aliis
1339 1097 1485 1162 egerit
1506 1098 1640 1163 prin-

223 1174 408 1240 cipibus
425 1174 642 1223 factionis
655 1211 669 1235 ,
687 1174 865 1239 quidve
880 1191 970 1239 pro
990 1174 1170 1222 eisdem
1184 1191 1212 1222 a
1229 1188 1339 1239 rege
1359 1173 1637 1237 obtinuerit,

179 1295 182 1298 Α
223 1268 325 1299 non
347 1252 459 1300 satis
474 1261 777 1317 compertum
791 1251 1077 1312 habuimus3
1100 1251 1191 1299 nisi
1208 1252 1343 1317 quod
1362 1252 1642 1316 generaliter

225 1328 476 1389 omnibus,
512 1339 611 1377 tam
640 1318 936 1395 principibus
961 1346 1107 1394 quam
1138 1329 1349 1378 vassallis
1371 1346 1539 1377 eorum
1556 1366 1568 1389 ,
1595 1339 1643 1377 et

225 1407 311 1472 qui
331 1407 398 1455 eis
428 1407 479 1454 in
500 1407 833 1472 hujuscemodi
862 1408 1208 1455 insurrectione
1232 1408 1514 1466 servierant,
1539 1424 1644 1454 om-

226 1485 304 1532 nia
339 1484 506 1550 plene,
551 1494 786 1549 quantum
815 1494 954 1532 cartae
987 1484 1371 1549 membranaeque
1408 1485 1642 1532 sustinere

226 1570 425 1630 potuere
440 1598 454 1623 ,
491 1561 764 1609 condonata
798 1571 937 1621 sunt;
974 1571 1021 1609 et
1066 1561 1261 1626 singulis
1295 1561 1520 1626 utrinque
1557 1578 1642 1610 sua

226 1638 413 1699 omnia,
436 1655 540 1703 quae
562 1648 702 1705 capta
718 1655 819 1686 esse
841 1647 1121 1704 potuerant,
1142 1638 1460 1686 tumultuante
1482 1638 1643 1703 hujus-

226 1716 359 1764 modi
381 1717 639 1779 seditione,
661 1718 898 1780 restituta,
931 1719 1333 1782 sacramentisque
1364 1718 1642 1765 solemniter

222 1795 440 1861 praestitis
487 1794 602 1842 hinc
642 1795 756 1842 inde
787 1795 918 1843 fuere
948 1796 1164 1857 firmata,
1192 1796 1356 1844 omnia
1390 1812 1496 1860 quae
1524 1812 1640 1843 con-

221 1883 364 1921 venta
387 1883 530 1938 atque
558 1873 676 1920 hinc
696 1873 811 1921 inde
842 1874 1065 1939 stipulata
1083 1874 1279 1921 fuissent
1301 1883 1347 1922 et
1368 1874 1609 1939 promissa
1623 1911 1637 1934 ,

222 1949 399 1998 debere
411 1960 646 2016 perpetuo
661 1950 1094 2016 inviolabiliterque
1111 1952 1303 1998 servari.
1325 1950 1469 2009 Quod
1488 1968 1641 2016 quan-

221 2037 320 2076 tam
334 2027 385 2074 in
404 2027 574 2075 effectu
598 2028 952 2076 exsecutionem
974 2038 1020 2076 et
1037 2028 1388 2083 observantiam
1399 2027 1638 2089 habuerit,

220 2122 248 2154 e
270 2106 468 2170 vestigio
500 2115 744 2154 ostensum
772 2117 872 2169 est,
899 2116 951 2154 ut
978 2106 1231 2172 paululum
1263 2116 1374 2172 post
1405 2106 1545 2154 latius
1566 2123 1640 2155 re-

220 2183 444 2232 feremus.

285 2259 379 2309 Sed
400 2269 448 2308 et
471 2258 531 2307 de
553 2259 687 2308 bono
709 2259 904 2327 publico
920 2299 932 2323 ,
960 2260 1050 2309 sub
1069 2261 1205 2325 cujus
1221 2261 1380 2327 specie
1402 2270 1449 2308 et
1469 2261 1609 2309 titulo
1623 2299 1636 2323 ,

221 2346 322 2385 tota
344 2337 447 2385 haec
477 2337 621 2385 factio
655 2347 875 2386 exortum
906 2338 1167 2399 habuerat,
1202 2338 1362 2386 nullus
1408 2349 1491 2387 aut
1528 2339 1640 2387 satis

219 2414 386 2465 sterilis
399 2425 446 2462 et
458 2415 781 2463 infructuosus
797 2432 954 2463 sermo
972 2415 1165 2463 habitus
1179 2426 1265 2464 est.
1282 2417 1638 2464 Tantummodo

220 2489 315 2537 hoc
345 2491 688 2554 intelleximus,
722 2493 915 2558 triginta
942 2510 1024 2541 sex
1049 2494 1179 2541 viros
1216 2493 1482 2555 solemnes,
1516 2494 1638 2542 duo-

220 2565 376 2615 decim
399 2569 737 2617 ecclesiasticos
751 2608 763 2630 ,
791 2571 1051 2618 duodecim
1073 2588 1131 2619 ex
1153 2570 1401 2619 nobilitate
1418 2609 1429 2631 ‚
1456 2582 1503 2620 et
1516 2572 1638 2619 duo-

224 2643 379 2691 decim
399 2661 457 2692 ex
478 2648 726 2694 'communi
747 2657 795 2695 et
826 2648 1037 2696 inferiori
1058 2651 1230 2711 statu¹,
1265 2650 1515 2696 communi
1539 2658 1637 2695 tam

282 2809 319 2848 1.
347 2809 404 2846 La
420 2806 507 2847 liste
525 2807 574 2847 de
592 2822 656 2848 ces
674 2811 724 2850 36
744 2810 1022 2851 commissaires
1040 2819 1097 2851 est
1113 2811 1316 2864 imprimee
1333 2810 1428 2849 dans
1447 2809 1503 2848 les
1521 2808 1636 2848 suites
