2054 3470
722 341 869 378 LIBER
905 338 1149 387 QUARTUS.
1220 326 1222 329 ’
1566 341 1643 378 355

231 430 379 478 modo
394 434 424 491 ¹,
444 428 577 493 quod
601 427 695 475 illic
714 426 1028 474 animadverti
1050 442 1136 473 seu
1157 427 1376 474 aestimari
1394 429 1641 492 potuisset,

230 516 396 555 notam
417 505 629 572 perfidiae
651 513 733 551 aut
766 503 1109 568 cujuscumque
1136 504 1445 570 turpitudinis
1480 505 1555 553 vel
1585 505 1645 553 le-

234 601 340 633 vem
362 584 679 649 suspicionem
699 583 964 643 incurrere,
991 598 1096 646 quae
1117 598 1239 629 verae
1261 581 1499 630 nobilitati
1519 599 1648 630 exse-

231 663 419 712 crandae
436 679 624 728 semper
644 671 691 709 et
711 661 1048 709 abominandae
1066 661 1222 709 solent
1240 662 1477 709 exsistere.

297 741 390 790 Sed
405 741 513 788 licet
535 740 601 787 ita
623 738 727 786 fieri
749 739 998 786 decretum
1018 737 1080 785 ab
1105 741 1315 803 Augusto
1337 738 1476 800 foret,
1495 755 1553 786 ea
1573 755 1648 786 res

231 828 390 867 tamen
412 817 705 866 multitudini
727 816 1104 877 Coloniensium,
1126 816 1365 881 praecipue
1381 816 1510 882 apud
1528 833 1650 881 quos

231 911 377 944 naves
398 905 446 942 et
466 894 597 942 bona
620 893 791 942 abacta
811 893 1138 955 servabantur,
1163 892 1475 942 vehementer
1492 893 1653 960 displi-

231 971 390 1036 cebat,
409 972 509 1020 etsi
527 971 751 1036 refragari
769 971 1064 1038 potuissent,
1094 971 1258 1018 omnia
1284 970 1412 1018 bello
1437 971 1649 1033 misceri,

231 1066 376 1114 quam
407 1050 757 1098 restitutionem
796 1048 899 1096 fieri
919 1085 932 1110 ,
970 1049 1130 1114 potius
1162 1048 1441 1097 voluissent.
1479 1048 1618 1097 Unde
1636 1087 1650 1111 ‚

231 1127 348 1175 dum
372 1144 516 1192 super
547 1127 766 1175 facienda
794 1126 1093 1174 restitutione
1121 1125 1281 1173 adhuc
1312 1136 1577 1175 conventus
1606 1136 1655 1174 et

231 1204 430 1252 consilia
450 1203 761 1265 haberentur,
782 1203 843 1251 de
866 1203 1029 1252 castris
1051 1205 1422 1266 Germanorum,
1442 1204 1655 1268 quodam

231 1282 362 1329 velut
383 1282 541 1330 furore
556 1286 641 1330 seu
663 1283 812 1330 nimia
831 1281 1097 1329 temeritate
1114 1281 1306 1343 invecti,
1326 1282 1542 1329 exierunt
1562 1283 1655 1329 cir-

233 1360 351 1407 citer
383 1359 718 1425 quadringenti
746 1360 835 1407 viri
865 1360 1074 1424 pediteS,
1108 1361 1204 1407 suis
1235 1361 1452 1407 instructi
1481 1360 1651 1421 armis,

232 1437 315 1501 qui
333 1447 486 1485 castra
511 1437 935 1501 Burgundionum,
963 1437 1047 1502 qui
1069 1453 1217 1502 parvo
1237 1437 1487 1486 intervallo
1517 1454 1545 1485 a
1576 1454 1656 1486 ca·-

235 1515 342 1563 stris
371 1516 670 1581 imperatoris
705 1515 972 1576 distabant,
1009 1516 1207 1580 propius
1237 1525 1348 1562 sunt
1382 1516 1485 1563 ausi
1521 1532 1655 1563 acce-

235 1592 391 1640 dere'.
415 1592 616 1640 Aiebant
637 1593 765 1640 enim
788 1609 838 1639 se
857 1592 979 1641 velle
1000 1593 1203 1657 experiri
1226 1594 1266 1640 si
1293 1592 1656 1656 Burgundiones

235 1671 324 1717 viri
339 1671 543 1718 animosi
559 1680 733 1729 essent,
759 1672 843 1734 qui
861 1671 928 1718 eis
944 1669 1179 1718 auderent
1195 1670 1441 1734 congredi.
1476 1672 1656 1718 Verum

236 1747 286 1795 id
315 1748 531 1813 profecto
560 1765 660 1795 non
690 1765 838 1812 parvo
868 1765 958 1795 suo
989 1748 1278 1796 detrimento
1311 1757 1423 1796 sunt
1456 1748 1654 1813 experti.

237 1825 368 1873 Illico
392 1827 522 1873 enim
553 1842 580 1873 e
616 1825 1013 1890 Burgundionum
1044 1826 1209 1873 castris
1242 1826 1538 1887 exsilierunt,
1575 1826 1659 1890 qui

236 1918 320 1951 eos
347 1904 397 1950 in
422 1911 669 1950 momento
691 1902 1014 1963 trucidarunt,
1045 1913 1092 1949 et
1120 1903 1264 1950 armis
1293 1913 1340 1950 et
1366 1903 1660 1950 vestimentis

237 1979 489 2044 spoliatos,
516 1981 658 2028 etiam
674 1980 722 2026 in
742 1989 996 2045 prospectu
1014 1997 1210 2027 suorum
1226 2017 1237 2039 ,
1264 1981 1347 2045 qui
1370 1981 1419 2027 in
1444 1980 1540 2027 suis
1561 1997 1661 2028 ma-

238 2057 416 2104 nebant
446 2058 637 2117 castris,
676 2058 916 2122 expositos
945 2056 1108 2105 bestiis
1138 2068 1274 2105 terrae
1304 2067 1351 2105 et
1383 2057 1659 2106 volucribus

240 2135 348 2182 coeli
376 2135 533 2182 nudos
563 2135 874 2199 reliquerunt.
916 2126 1062 2192 Quod
1092 2136 1311 2201 profecto
1346 2135 1524 2183 factum
1559 2152 1660 2184 esse

240 2211 448 2258 creditur
471 2205 853 2276 ad'disciplinam
874 2212 1066 2276 publice
1102 2212 1436 2274 sanciendam,
1465 2224 1521 2261 ut
1558 2231 1659 2262 non

242 2287 377 2336 facile
414 2288 596 2347 caeteri,
642 2303 700 2334 eo
736 2287 947 2335 deterriti
981 2290 1227 2354 exemplo,
1271 2290 1453 2354 aliquid
1491 2300 1662 2338 contra

241 2365 439 2412 vetitum
455 2365 754 2429 imperatoris
775 2373 858 2410 aut
876 2364 976 2427 ejus
995 2365 1293 2428 mandatum,
1316 2367 1663 2414 contumaciter

244 2450 292 2488 et
327 2440 661 2488 inobedienter
694 2450 776 2488 aut
811 2450 988 2488 temere
1023 2451 1254 2490 attentare
1290 2453 1658 2508 praesumerent,

244 2518 654 2581 quemadmodum
672 2518 739 2565 illi
757 2518 1110 2583 praesumpsisse
1132 2518 1427 2567 dicebantur.

311 2598 451 2643 Facta
473 2595 616 2659 igitur
640 2596 727 2644 fuit
747 2596 983 2643 restitutio
1010 2595 1282 2645 ablatorum
1309 2598 1421 2645 duci
1445 2600 1666 2660 Burgun-

300 2777 338 2813 1.
373 2776 566 2814 Commodo
589 2773 683 2812 dans
699 2773 737 2812 le
755 2786 827 2812 ms.

301 2840 339 2875 2.
368 2841 421 2875 Le
440 2838 490 2874 2ss
507 2836 591 2884 juin
611 2838 730 2876 1⁴75.
