2054 3470
722 357 866 395 LIBER
891 355 1092 393 PRIMUS.
1568 351 1619 388 35

204 450 355 517 pletes
373 447 636 499 admodum
653 444 777 493 effici
795 443 968 504 solere,
995 441 1109 508 ipsis
1131 438 1277 488 fidem
1293 438 1431 487 dictis
1446 455 1616 486 eorum

204 527 492 578 habentibus
513 526 648 591 (licet
671 523 852 587 majore
876 538 936 569 ex
961 529 1096 586 parte
1123 534 1247 567 vana
1277 526 1420 582 atque
1449 515 1618 563 frivola

205 606 411 671 essent),
442 604 575 655 facile
603 609 855 650 suaserunt
885 608 959 658 ut,
990 598 1161 662 gratias
1191 595 1449 643 habentes¹
1480 593 1618 657 regiae

206 683 470 750 dignationi
504 679 817 746 amplissimas
855 677 917 725 de
947 693 1035 725 sua
1066 675 1248 740 ingenti
1281 672 1534 722 clementia
1565 688 1621 720 ac

206 761 518 826 benignitate,
549 758 707 807 eidem
735 755 1073 804 instantissime
1101 752 1423 819 supplicarent
1453 760 1623 815 quate-

207 856 299 888 nus
327 855 472 887 omne
499 834 834 902 hujuscemodi
867 833 1142 882 officiorum
1173 848 1322 896 genus
1354 829 1547 880 abolere
1578 839 1626 877 et

207 918 501 984 supprimere
528 915 690 975 vellet,
722 930 1080 978 summamque,
1109 927 1256 977 quam
1279 909 1626 977 imponendam

208 994 504 1056 decerneret,
528 994 822 1059 permitteret
840 992 997 1056 colligi
1019 1001 1066 1039 et
1085 991 1234 1039 levari
1253 1007 1340 1056 per
1358 999 1629 1055 receptores

209 1073 482 1139 patrimonii
515 1072 588 1120 sui
620 1071 780 1136 (quod
809 1071 888 1134 jus
925 1069 1223 1117 ordinarium
1261 1085 1344 1116 seu
1380 1066 1523 1116 fiscus
1555 1065 1631 1115 vel

209 1149 491 1199 domanium
521 1149 643 1214 regis
671 1147 985 1214 appellatur),
1022 1163 1288 1211 causasque
1314 1162 1370 1194 ac
1396 1145 1501 1192 lites
1525 1160 1632 1210 quae

209 1226 416 1294 desuper
440 1236 749 1276 nascerentur
779 1225 910 1292 apud
938 1224 1196 1274 tribunalia
1218 1224 1555 1273 vicecomitum
1576 1238 1633 1271 ac

209 1303 497 1354 ballivorum
520 1304 710 1353 tractari
734 1314 783 1352 et
805 1302 998 1352 deduci.

278 1381 424 1441 Quod
461 1399 575 1430 cum
603 1382 773 1446 majori
806 1382 931 1447 parti
964 1397 1136 1429 eorum
1173 1380 1258 1445 qui
1293 1380 1345 1428 in
1378 1378 1460 1427 illa
1499 1388 1638 1427 erant

214 1460 582 1524 congregatione
631 1459 914 1525 placuisset,
955 1459 1039 1524 qui
1073 1456 1259 1523 majore
1288 1475 1346 1506 ex
1390 1467 1526 1524 parte
1575 1456 1638 1505 de

215 1536 458 1585 advocatis
485 1546 643 1599 erant,
675 1538 920 1601 elegerunt
941 1546 1098 1585 cenos
1122 1536 1303 1600 legatos
1325 1552 1448 1600 quos
1475 1535 1538 1584 ad
1561 1551 1638 1584 re·

217 1631 349 1679 gem,
381 1615 466 1680 qui
492 1615 592 1678 jam
623 1631 682 1662 ex
713 1615 902 1662 Parisiis
934 1613 994 1663 ad
1029 1613 1200 1662 urbem
1229 1617 1558 1661 Turonensem
1588 1629 1639 1661 se

217 1693 506 1753 contulerat,
532 1692 849 1741 destinarunt.
878 1693 996 1754 Qui,
1025 1691 1135 1739 licet
1157 1690 1430 1739 facultatem
1459 1690 1520 1738 de
1543 1690 1639 1738 hoc

217 1784 246 1816 a
267 1770 422 1835 patria
445 1770 642 1818 minime
660 1771 971 1836 accepissent,
997 1779 1177 1830 tamen,
1202 1779 1256 1817 ut
1276 1768 1517 1816 dictorum
1536 1768 1641 1816 offi-

218 1846 406 1895 ciorum
430 1847 704 1896 obtinerent
735 1848 1072 1910 abolitionem,
1106 1863 1253 1912 quam
1281 1847 1357 1895 vel
1384 1847 1538 1895 solam
1563 1847 1639 1895 vel

218 1925 506 1991 praecipuam
545 1925 766 1974 advocati
795 1925 1131 1989 intendebant,
1162 1935 1509 1974 consenserunt
1542 1925 1641 1990 regi

217 2019 307 2068 pro
327 2020 426 2051 uno
449 2020 579 2051 anno
602 2021 840 2052 summam
863 2004 1323 2069 quadringentarum
1343 2004 1474 2053 mille
1498 2003 1643 2053 libra-

220 2095 328 2128 rum
346 2090 550 2129 monetae
565 2082 745 2146 patriae,
762 2091 932 2147 praeter
946 2081 1234 2130 domanium
1252 2099 1412 2129 suum.
1434 2085 1527 2130 Pro
1546 2098 1642 2146 qua

220 2173 363 2223 super
382 2158 680 2224 provinciam
702 2159 1015 2225 imponenda,
1038 2159 1243 2208 levanda
1264 2169 1313 2207 et
1338 2159 1609 2225 coHigenda
1623 2196 1638 2221 ‚

222 2233 602 2301 deputandisque
635 2236 698 2284 ad
729 2237 780 2284 id
808 2236 1093 2285 officialibus
1122 2253 1179 2284 ac
1209 2237 1459 2300 ministris,
1492 2237 1641 2285 modo

222 2326 368 2374 quem
388 2313 646 2378 provinciae
667 2322 715 2361 et
730 2314 893 2379 patriae
915 2331 1010 2362 suae
1030 2314 1271 2362 utiliorem
1295 2324 1438 2379 atque
1460 2314 1640 2363 facilio-

225 2403 327 2436 rem
353 2388 606 2452 ducerent,
634 2391 1025 2439 commissionem
1052 2408 1110 2440 ac
1137 2392 1410 2440 facultatem
1437 2410 1641 2460 accepe—

226 2475 336 2512 runt
363 2482 393 2514 a
418 2483 526 2532 rege
556 2468 702 2516 iidem
726 2469 889 2533 legati,
921 2470 1044 2517 inter
1073 2486 1196 2534 quos
1225 2471 1452 2536 praecipui
1479 2481 1636 2532 erant,

228 2542 518 2592 venerabiles
529 2546 617 2593 viri
632 2547 855 2611 magister
866 2550 890 2593 J
894 2563 1075 2596 oannes
1089 2551 1335 2610 Baucart²,
1354 2565 1498 2598 sacrae
1512 2550 1644 2598 theo-

284 2685 323 2726 1.
352 2687 515 2727 Habenti
531 2690 625 2728 dans
642 2690 679 2730 le
695 2705 767 2730 ms.

285 2745 324 2782 2.
353 2747 408 2784 Le
422 2749 549 2785 Gallia
559 2750 765 2788 christiana
776 2750 832 2789 lui
843 2750 971 2789 donne
982 2751 1020 2790 le
1030 2765 1123 2790 nom
1142 2752 1191 2791 de
1207 2758 1301 2792 Jean
1318 2754 1494 2793 Bochard
1510 2756 1551 2803 (t.
1568 2757 1643 2803 XI,

231 2801 306 2840 col.
328 2805 434 2853 494).
454 2806 486 2843 11
508 2807 564 2844 fut
576 2838 588 2856 ‚
606 2821 755 2847 comme
771 2810 936 2849 Thomas
954 2811 1068 2849 Basin
1083 2841 1094 2860 ‚
1117 2810 1167 2849 de
1184 2825 1284 2851 ceux
1303 2826 1380 2864 que
1397 2813 1557 2852 Charles
1574 2814 1646 2851 vn

232 2861 404 2931 consulta
422 2877 488 2902 sur
505 2863 542 2903 le
563 2869 699 2917 proces
716 2868 766 2907 de
783 2868 823 2907 la
838 2869 1007 2909 Pucelle.
