2054 3470
412 321 460 358 38
778 319 1122 359 HISTORIARUM
1149 319 1387 358 LUDOVICI
1412 320 1470 357 XI

891 513 1233 561 CAPITULUM
1268 514 1328 558 Xl
1337 547 1346 557 .

408 644 569 691 Qualiter
583 641 792 691 hujusmodi
809 656 901 678 vana
914 642 1033 678 laetitia
1049 642 1087 677 in
1101 643 1237 677 luctum
1250 641 1299 676 eis
1313 639 1413 675 brevi
1428 647 1579 683 mutata3
1606 647 1642 675 et
1658 638 1706 675 dc
1720 640 1835 675 infor-

455 698 558 734 tunio
574 698 804 732 Remensium
819 705 853 732 et
871 696 1159 744 Andegavorum,
1170 694 1268 742 quod
1284 694 1470 730 occasione
1488 693 1666 742 regiarum
1679 695 1835 742 promis-

457 764 600 789 sionum
621 759 862 787 incurrerunt.

477 871 618 936 Atqui
639 887 739 918 non
765 870 814 916 in
837 870 1037 934 longum
1053 885 1111 917 ea
1124 884 1248 915 vana
1267 877 1314 915 et
1335 867 1445 915 ficta
1467 867 1663 916 eosdem
1677 868 1835 918 laetitia

410 950 580 1011 tenuit,
603 949 720 1012 quin
742 948 963 1013 protinus
976 949 1005 1007 ¹,
1025 947 1162 995 initio
1183 963 1317 1012 paene
1335 946 1485 1012 ipsius
1502 946 1658 993 inanis
1680 947 1834 994 exsul-

410 1028 606 1076 tationis
629 1036 675 1074 et
697 1027 746 1073 in
767 1027 871 1092 ipso
888 1026 1076 1086 limine,
1094 1025 1252 1072 luctus
1280 1026 1508 1089 occupat’
1532 1024 1835 1072 circumven-

411 1115 503 1153 tos.
541 1108 660 1152 Nam
685 1121 798 1151 cum
822 1103 957 1151 brevi
987 1113 1206 1169 tempore
1228 1111 1533 1166 compertum
1562 1100 1697 1148 fieret
1722 1118 1834 1149 cum

411 1181 691 1247 hujusmodi
725 1180 1087 1228 remissionibus
1115 1179 1376 1245 pollicitam
1398 1179 1496 1242 regi
1523 1179 1836 1243 quantitatem

413 1261 612 1309 minime
641 1258 816 1307 confici
843 1275 1010 1325 posse,
1037 1258 1100 1306 ad
1126 1256 1406 1322 integranda
1431 1256 1702 1321 vectigalia,
1729 1271 1837 1321 quae

415 1338 655 1387 diminuta
677 1337 865 1385 fuerant
879 1375 891 1396 ,
919 1336 1174 1384 necessitas
1195 1334 1453 1400 compulit,
1482 1334 1708 1398 missique
1729 1334 1835 1382 fue-

415 1427 530 1464 runt
565 1415 881 1464 commissarii
919 1431 1064 1480 super
1100 1412 1455 1461 commissarios
1489 1412 1538 1458 in
1577 1411 1838 1458 maximum

417 1510 541 1542 onus
566 1509 922 1557 gravamenque
938 1491 1325 1558 provincialium.
1347 1490 1459 1551 Qui,
1484 1489 1670 1537 rescisis
1690 1488 1837 1536 defal-

416 1571 687 1620 cationibus
720 1581 820 1619 tam
851 1571 1092 1618 talliarum
1127 1585 1274 1634 quam
1311 1568 1516 1615 aliorum
1546 1566 1839 1615 tributorum

418 1659 466 1698 et
498 1647 828 1712 vectigalium,
862 1665 968 1713 quae
1004 1648 1127 1696 facta
1162 1647 1351 1694 fuerant
1383 1639 1654 1711 insipientia
1685 1654 1733 1693 et
1765 1645 1841 1692 in-

418 1727 805 1775 consideratione
828 1727 1095 1791 legatorum
1116 1725 1305 1791 patriae,
1328 1723 1390 1771 ad
1412 1724 1650 1787 integrum
1676 1722 1840 1771 omnia

419 1807 766 1862 instaurarent,
795 1814 868 1867 et,
894 1805 977 1868 qui
1000 1821 1049 1851 se
1084 1803 1280 1850 solvisse
1314 1801 1724 1860 existimaverant,
1752 1800 1839 1847 ite-

419 1900 528 1930 rum
554 1893 600 1930 et
632 1883 693 1930 de
716 1899 848 1930 novo
880 1889 1156 1929 excuterent
1177 1889 1224 1926 et
1245 1878 1434 1942 gravius
1466 1878 1620 1924 multo
1650 1892 1841 1942 preme-

420 1970 529 2008 rent
560 1977 706 2025 quam
729 1961 768 2006 si
791 1960 946 2020 initio,
973 1959 1043 2005 uti
1060 1958 1161 2022 jam
1177 1965 1417 2004 assuetum
1436 1954 1614 2012 fuerat,
1635 1954 1841 2018 integras

421 2053 633 2086 summas
655 2038 981 2085 exsolvissent.
1008 2038 1105 2083 Nec
1128 2033 1273 2082 semel
1294 2043 1481 2080 tantum
1503 2032 1565 2079 ad
1589 2048 1740 2079 novas
1757 2047 1842 2079 ex-

422 2116 707 2163 crescentias
729 2124 777 2161 et
798 2114 1066 2160 auctiones³
1087 2127 1385 2159 summarum
1399 2146 1411 2170 ,
1436 2109 1521 2157 sed
1535 2118 1609 2156 ter
1628 2107 1704 2156 vel
1726 2123 1843 2173 qua-

422 2203 511 2254 ter,
543 2191 780 2239 mandatis
803 2189 1146 2256 principalibus
1174 2188 1381 2252 desuper
1403 2187 1657 2246 emanatis,
1682 2186 1839 2233 miseri
1909 2218 1911 2221 -

422 2270 588 2337 populi
621 2287 708 2336 per
740 2279 892 2316 totam
925 2268 1227 2334 provinciam
1265 2265 1578 2330 urgebantur;
1610 2265 1676 2312 ita
1707 2263 1842 2327 quod

420 2349 638 2415 profecto
666 2365 823 2396 annus
847 2347 924 2394 ille
946 2347 1130 2412 primus
1153 2345 1267 2392 novi
1291 2344 1435 2408 regiS‚
1461 2358 1607 2408 quem
1633 2342 1726 2390 sihi
1744 2351 1842 2389 tam

419 2428 686 2493 benignum
724 2428 1105 2489 clementemque
1147 2424 1289 2472 fuisse
1324 2430 1628 2487 putaverant,
1665 2420 1843 2468 caeteris

421 2506 649 2556 omnibus
664 2503 1009 2562 anterioribus,
1029 2512 1263 2567 quantum
1283 2500 1343 2547 ad
1360 2515 1510 2546 onera
1531 2498 1843 2546 collationum

421 2595 491 2647 et,
520 2601 625 2648 quae
654 2582 768 2630 inde
806 2581 1061 2647 provenire
1096 2579 1274 2638 solent,
1311 2577 1611 2642 rapinarum,
1653 2575 1842 2639 gravior

474 2720 513 2757 1.
546 2720 623 2766 Qui
635 2721 763 2768 potius
780 2715 875 2754 dans
894 2714 932 2752 le
952 2727 1022 2753 ms.

473 2781 512 2820 2.
536 2779 667 2817 Plutet
686 2776 929 2827 occupaverit.

473 2842 511 2878 3.
544 2842 720 2876 Actiones
741 2836 836 2875 dans
857 2835 894 2873 le
912 2847 984 2874 ms.
