2054 3470
734 370 880 406 LIBER
903 368 1148 415 QUARTUS.
1571 369 1647 406 309

238 459 333 507 loci
361 459 545 507 accolas
568 473 793 516 accensus
810 496 824 514 ,
860 457 959 504 imo
981 456 1141 521 potius
1170 454 1470 520 perdendum
1500 465 1548 502 et
1570 472 1648 502 ex-

239 536 497 584 cidendum
510 572 523 596 ,
547 534 815 599 Philippum
833 533 894 580 de
907 532 1145 580 Sabaudia
1162 568 1174 590 ,
1191 532 1417 579 comitem
1439 532 1642 590 Brixia-2¹,

238 628 350 663 cum
371 612 527 662 valida
546 628 692 660 manu
718 611 928 677 primum
954 610 1141 657 direxit.
1164 610 1259 668 Qui
1282 609 1363 656 illo
1386 609 1649 657 adventans

239 693 364 740 circa
385 693 555 738 Ramos
578 690 893 748 Palmarum',
914 698 1067 736 castra
1087 697 1134 735 et
1157 686 1461 734 obsidionem
1481 687 1539 734 ad
1561 703 1650 752 op-

239 768 406 835 pidum
425 767 583 832 posuit
593 768 622 814 ⁸.
661 770 713 814 In
738 783 836 832 quo
859 775 1132 814 constanter
1153 775 1199 812 et
1221 764 1419 812 viriliter
1442 781 1524 812 rex
1547 765 1649 829 ipse

241 849 506 909 Aragonum
529 844 711 892 inedias
731 854 779 891 et
799 843 1010 909 pericula
1031 842 1294 890 obsidionis
1326 843 1614 907 exspectavit
1634 877 1646 898 ‚

236 931 284 970 et
301 921 363 969 ad
387 921 461 969 sui
485 920 813 969 defensionem
835 921 961 968 cives
978 920 1236 986 plurimum
1258 919 1502 968 animavit.
1523 920 1646 979 Qui,

237 1015 348 1046 cum
375 1015 475 1045 non
510 999 656 1045 nescii
689 1008 846 1045 essent
865 1035 877 1059 ,
905 997 1045 1061 quale
1082 997 1172 1062 ipsi
1206 1013 1318 1043 cum
1347 1013 1435 1046 suo
1468 996 1651 1062 oppido

238 1085 379 1141 atque
414 1075 592 1123 laribus
624 1075 864 1124 inventuri
897 1075 1093 1122 exitium
1118 1084 1300 1134 essent,
1329 1075 1367 1121 si
1400 1091 1450 1121 se
1474 1075 1653 1139 ignavi-

237 1162 311 1201 ter
329 1155 590 1219 expugnari
617 1154 943 1218 permitterent
977 1152 1113 1216 (satis
1148 1152 1292 1199 etiam
1325 1168 1437 1216 erga
1469 1169 1520 1200 se
1547 1153 1652 1200 ani-

238 1246 374 1277 mum
407 1230 527 1294 regis
547 1232 858 1289 Francorum,
884 1245 912 1276 a
933 1246 1032 1294 quo
1058 1227 1329 1275 defecerant
1344 1266 1357 1290 ,
1387 1231 1652 1294 spectatum

238 1306 468 1354 habentes
484 1343 496 1366 ,
527 1308 611 1371 qui
638 1324 734 1354 suae
756 1307 931 1354 militiae
961 1305 1165 1353 ducibus
1188 1305 1437 1353 mandasse
1469 1305 1653 1353 fereba-

241 1393 334 1444 tur,
365 1393 598 1448 quatenus
616 1384 851 1450 oppidum
869 1384 918 1430 in
936 1384 1152 1430 flammas
1173 1383 1342 1430 darent
1361 1392 1409 1430 et
1424 1383 1649 1446 cineres),

241 1460 351 1507 totis
376 1460 558 1507 viribus
592 1461 654 1508 ad
680 1460 994 1508 resistendum
1020 1476 1070 1507 se
1098 1459 1334 1507 dederunt
1350 1497 1363 1520 ,
1390 1460 1540 1525 parati
1566 1476 1653 1524 po-

241 1536 333 1584 tius
354 1553 553 1602 quaeque
574 1548 783 1586 extrema
804 1539 902 1603 pati
916 1537 1138 1585 laborum
1160 1573 1173 1597 ,
1192 1537 1460 1601 vigiliarum
1478 1574 1490 1597 ,
1516 1537 1652 1583 famis

241 1623 287 1661 et
308 1614 651 1680 cujuscumque
682 1615 911 1680 periculi,
943 1631 1089 1679 quam
1113 1614 1246 1679 quod
1268 1631 1317 1661 se
1341 1613 1402 1661 ab
1435 1614 1651 1662 hostibus

241 1691 505 1739 vincendos
525 1702 668 1756 atque
686 1692 979 1756 subigendos
1002 1693 1346 1757 permitterent.

308 1768 447 1817 Unde
464 1806 477 1828 ‚
520 1788 630 1818 cum
670 1771 732 1818 ad
757 1771 1104 1836 opprimendos
1133 1788 1245 1826 eos,
1273 1787 1385 1818 cum
1418 1771 1499 1820 illa
1525 1772 1647 1819 mili-

240 1856 344 1894 tum
390 1863 537 1895 manu
558 1886 569 1907 ‚
606 1864 753 1912 quam
786 1848 1008 1913 praefatus
1042 1865 1205 1896 comes
1240 1849 1404 1895 Brixiae
1439 1850 1651 1914 primum

239 1922 503 1972 adduxerat
524 1962 536 1981 ,
583 1928 725 1972 etiam
770 1925 861 1972 alia
901 1925 1041 1989 longe
1092 1925 1243 1988 major
1292 1936 1387 1972 tam
1415 1919 1653 1990 ⁴equitum

239 2016 383 2064 quam
423 2001 638 2066 peditum
673 2018 702 2049 a
731 2005 1023 2049 Francorum
1055 2019 1164 2065 rege
1198 2002 1278 2048 illo
1314 2002 1476 2050 fuisset
1511 2003 1654 2050 desti-

240 2086 352 2124 nata
372 2078 391 2141 (
410 2078 476 2125 ita
496 2078 630 2142 quod
647 2080 878 2127 exercitus
895 2080 1052 2126 omnis
1074 2083 1366 2127 Francorum
1382 2079 1444 2127 ad
1468 2081 1655 2144 triginta

241 2153 387 2202 millia
416 2155 705 2203 bellatorum
739 2167 821 2203 aut
851 2157 1054 2222 amplius
1081 2158 1336 2205 ascendere
1366 2157 1648 2220 diceretur),

241 2239 371 2278 tanta
398 2242 691 2279 armatorum
718 2233 896 2281 obsessi
919 2234 1222 2282 multitudine
1242 2273 1255 2297 ,
1282 2236 1365 2299 qui
1388 2235 1436 2282 in
1470 2236 1652 2301 oppido

242 2317 375 2354 erant
393 2345 406 2369 ,
427 2308 530 2355 dira
551 2308 674 2356 fame
696 2310 1052 2375 plurimumque
1085 2328 1244 2359 rerum
1279 2314 1653 2360 necessariarum

242 2382 404 2448 inopia
424 2385 563 2432 valde
593 2387 770 2450 fatigati
799 2387 1016 2448 fuerunt3
1049 2388 1112 2436 ita
1136 2389 1278 2436 etiam
1301 2399 1354 2436 ut
1381 2389 1444 2437 ad
1468 2390 1651 2437 abomi-

298 2510 337 2549 1.
350 2509 526 2561 Philippe
544 2510 592 2549 de
613 2511 766 2560 Savoie,
781 2521 906 2551 comte
920 2513 968 2551 de
982 2516 1132 2561 Bresse,
1144 2514 1372 2554 beau-frere
1386 2515 1435 2554 de
1448 2516 1566 2555 Louis
1580 2518 1651 2554 XI.

296 2569 334 2604 2.
364 2569 513 2619 Paques
535 2570 708 2609 tombant
725 2580 822 2610 cette
845 2573 1028 2611 annee-la
1047 2573 1083 2611 le
1107 2575 1156 2611 18
1174 2575 1288 2613 avril.

298 2628 336 2664 3.
368 2643 385 2661 u
413 2629 447 2664 A
467 2637 594 2666 monte
616 2630 719 2668 Pinae
745 2644 867 2682 usque
892 2632 941 2671 ad
970 2641 1138 2670 montem
1157 2634 1394 2683 Johannem3
1416 2643 1455 2673 et
1480 2648 1529 2673 ex
1548 2643 1656 2686 parte

242 2685 332 2734 alia,
347 2698 370 2722 a
388 2685 504 2723 domo
522 2689 757 2727 commandae
775 2690 823 2728 de
841 2692 999 2740 Basafis,
1019 2705 1104 2743 quae
1122 2700 1212 2731 tunc
1223 2693 1441 2732 condirecta
1455 2706 1661 2745 permane-

243 2743 323 2791 bat,
346 2743 397 2782 ad
421 2745 609 2796 rupellam
638 2749 763 2786 Beatae
784 2750 915 2788 Mariae
933 2750 980 2788 de
1003 2751 1182 2801 Aquello.
1211 2770 1226 2785 »
1257 2752 1435 2790 Relation
1462 2753 1514 2789 du
1535 2752 1654 2803 siege,

243 2817 313 2855 par
335 2806 425 2842 Ant.
451 2806 603 2853 Passot,
631 2806 781 2845 notaire
802 2808 850 2845 de
872 2809 1111 2860 Perpignan,
1136 2810 1231 2850 dans
1256 2811 1292 2848 le
1316 2811 1471 2849 Recueil
1506 2810 1553 2848 de
1583 2813 1658 2847 Le-

243 2862 380 2915 grand,
399 2871 426 2903 t.
449 2866 545 2901 XXI
564 2868 674 2911 (mss.
699 2865 746 2903 de
765 2866 802 2904 la
818 2866 918 2904 Bibl.
940 2867 1067 2919 imp).
