<?xml version="1.0" encoding="UTF-8"?>
<!DOCTYPE html PUBLIC "-//W3C//DTD XHTML 1.0 Transitional//EN"
    "http://www.w3.org/TR/xhtml1/DTD/xhtml1-transitional.dtd">
<html xmlns="http://www.w3.org/1999/xhtml" xml:lang="en" lang="en">
 <head>
  <title>
</title>
<meta http-equiv="Content-Type" content="text/html;charset=utf-8" />
  <meta name='ocr-system' content='tesseract 3.04.00' />
  <meta name='ocr-capabilities' content='ocr_page ocr_carea ocr_par ocr_line ocrx_word'/>
</head>
<body>
  <div class='ocr_page' id='page_1' title='image "./histoiredesrgn02basiuoft_0245.png"; bbox 0 0 2054 3470; ppageno 0'>
   <div class='ocr_carea' id='block_1_1' title="bbox 650 330 1571 371">
    <p class='ocr_par' dir='ltr' id='par_1_1' title="bbox 650 330 1571 371">
     <span class='ocr_line' id='line_1_1' title="bbox 650 330 1571 371; baseline 0 -2"><span class='ocrx_word' id='word_1_1' title='bbox 650 333 796 369; x_wconf 87' lang='lat' dir='ltr'>LIBER</span> <span class='ocrx_word' id='word_1_2' title='bbox 822 330 1090 371; x_wconf 86' lang='lat' dir='ltr'>SECUNDUS.</span> <span class='ocrx_word' id='word_1_3' title='bbox 1499 333 1571 370; x_wconf 82' lang='lat'>161</span> 
     </span>
    </p>
   </div>
   <div class='ocr_carea' id='block_1_2' title="bbox 168 417 1638 1951">
    <p class='ocr_par' dir='ltr' id='par_1_2' title="bbox 170 417 1580 700">
     <span class='ocr_line' id='line_1_2' title="bbox 170 417 1580 485; baseline 0.001 -19"><span class='ocrx_word' id='word_1_4' title='bbox 170 436 224 466; x_wconf 82' lang='lat' dir='ltr'>ex</span> <span class='ocrx_word' id='word_1_5' title='bbox 248 419 490 467; x_wconf 89' lang='lat' dir='ltr'>nonnullis</span> <span class='ocrx_word' id='word_1_6' title='bbox 510 419 667 485; x_wconf 88' lang='lat' dir='ltr'>patriae</span> <span class='ocrx_word' id='word_1_7' title='bbox 685 418 945 478; x_wconf 89' lang='lat' dir='ltr'>nobilibus,</span> <span class='ocrx_word' id='word_1_8' title='bbox 971 418 1054 483; x_wconf 92' lang='lat' dir='ltr'>qui</span> <span class='ocrx_word' id='word_1_9' title='bbox 1072 417 1274 464; x_wconf 90' lang='lat' dir='ltr'>nimium</span> <span class='ocrx_word' id='word_1_10' title='bbox 1290 419 1412 482; x_wconf 86' lang='lat' dir='ltr'>regis</span> <span class='ocrx_word' id='word_1_11' title='bbox 1428 420 1580 467; x_wconf 88' lang='lat' dir='ltr'>minas</span> 
     </span>
     <span class='ocr_line' id='line_1_3' title="bbox 172 494 1576 561; baseline -0.001 -17"><span class='ocrx_word' id='word_1_12' title='bbox 172 498 489 561; x_wconf 86' lang='lat' dir='ltr'>saevitiamque</span> <span class='ocrx_word' id='word_1_13' title='bbox 519 495 816 555; x_wconf 87' lang='lat' dir='ltr'>metuebant,</span> <span class='ocrx_word' id='word_1_14' title='bbox 847 511 992 559; x_wconf 92' lang='lat' dir='ltr'>quam</span> <span class='ocrx_word' id='word_1_15' title='bbox 1022 511 1079 542; x_wconf 85' lang='lat' dir='ltr'>ex</span> <span class='ocrx_word' id='word_1_16' title='bbox 1114 494 1368 542; x_wconf 90' lang='lat' dir='ltr'>collectitio</span> <span class='ocrx_word' id='word_1_17' title='bbox 1399 496 1546 543; x_wconf 89' lang='lat' dir='ltr'>milite</span> <span class='ocrx_word' id='word_1_18' title='bbox 1565 535 1576 553; x_wconf 95' lang='lat'>,</span> 
     </span>
     <span class='ocr_line' id='line_1_4' title="bbox 172 572 1577 632; baseline 0 -12"><span class='ocrx_word' id='word_1_19' title='bbox 172 574 261 620; x_wconf 88' lang='lat' dir='ltr'>iter</span> <span class='ocrx_word' id='word_1_20' title='bbox 281 590 421 621; x_wconf 91' lang='lat' dir='ltr'>suum</span> <span class='ocrx_word' id='word_1_21' title='bbox 443 590 606 621; x_wconf 87' lang='lat' dir='ltr'>versus</span> <span class='ocrx_word' id='word_1_22' title='bbox 628 572 1012 632; x_wconf 87' lang='lat' dir='ltr'>Honnessutum¹,</span> <span class='ocrx_word' id='word_1_23' title='bbox 1038 572 1330 620; x_wconf 87' lang='lat' dir='ltr'>maritimum</span> <span class='ocrx_word' id='word_1_24' title='bbox 1351 582 1577 632; x_wconf 88' lang='lat' dir='ltr'>castrum,</span> 
     </span>
     <span class='ocr_line' id='line_1_5' title="bbox 174 651 359 700; baseline -0.005 -1"><span class='ocrx_word' id='word_1_25' title='bbox 174 651 359 700; x_wconf 81' lang='lat' dir='ltr'>direxit.</span> 
     </span>
    </p>

    <p class='ocr_par' dir='ltr' id='par_1_3' title="bbox 168 727 1638 1951">
     <span class='ocr_line' id='line_1_6' title="bbox 168 727 1578 794; baseline 0 -18"><span class='ocrx_word' id='word_1_26' title='bbox 168 751 172 754; x_wconf 92' lang='lat'>·</span> <span class='ocrx_word' id='word_1_27' title='bbox 237 731 291 776; x_wconf 87' lang='lat' dir='ltr'>ln</span> <span class='ocrx_word' id='word_1_28' title='bbox 318 745 415 794; x_wconf 91' lang='lat' dir='ltr'>quo</span> <span class='ocrx_word' id='word_1_29' title='bbox 440 745 551 776; x_wconf 90' lang='lat' dir='ltr'>cum</span> <span class='ocrx_word' id='word_1_30' title='bbox 579 738 724 786; x_wconf 90' lang='lat' dir='ltr'>esset,</span> <span class='ocrx_word' id='word_1_31' title='bbox 755 728 816 775; x_wconf 93' lang='lat' dir='ltr'>de</span> <span class='ocrx_word' id='word_1_32' title='bbox 846 744 934 775; x_wconf 91' lang='lat' dir='ltr'>sua</span> <span class='ocrx_word' id='word_1_33' title='bbox 958 743 1092 793; x_wconf 88' lang='lat' dir='ltr'>paene</span> <span class='ocrx_word' id='word_1_34' title='bbox 1115 727 1262 775; x_wconf 89' lang='lat' dir='ltr'>salute</span> <span class='ocrx_word' id='word_1_35' title='bbox 1294 727 1578 793; x_wconf 87' lang='lat' dir='ltr'>desperans,</span> 
     </span>
     <span class='ocr_line' id='line_1_7' title="bbox 173 805 1579 871; baseline 0.001 -18"><span class='ocrx_word' id='word_1_36' title='bbox 173 822 285 854; x_wconf 89' lang='lat' dir='ltr'>cum</span> <span class='ocrx_word' id='word_1_37' title='bbox 318 806 505 854; x_wconf 89' lang='lat' dir='ltr'>nullum</span> <span class='ocrx_word' id='word_1_38' title='bbox 539 806 628 854; x_wconf 91' lang='lat' dir='ltr'>sibi</span> <span class='ocrx_word' id='word_1_39' title='bbox 662 822 907 871; x_wconf 81' lang='lat' dir='ltr'>superesse</span> <span class='ocrx_word' id='word_1_40' title='bbox 941 805 1072 853; x_wconf 90' lang='lat' dir='ltr'>aliud</span> <span class='ocrx_word' id='word_1_41' title='bbox 1104 814 1290 871; x_wconf 90' lang='lat' dir='ltr'>putaret</span> <span class='ocrx_word' id='word_1_42' title='bbox 1325 806 1579 871; x_wconf 81' lang='lat' dir='ltr'>effugium,</span> 
     </span>
     <span class='ocr_line' id='line_1_8' title="bbox 173 883 1585 950; baseline 0.001 -20"><span class='ocrx_word' id='word_1_43' title='bbox 173 883 324 931; x_wconf 86' lang='lat' dir='ltr'>voluit</span> <span class='ocrx_word' id='word_1_44' title='bbox 342 900 428 950; x_wconf 89' lang='lat' dir='ltr'>per</span> <span class='ocrx_word' id='word_1_45' title='bbox 452 900 582 932; x_wconf 86' lang='lat' dir='ltr'>mare</span> <span class='ocrx_word' id='word_1_46' title='bbox 607 894 755 932; x_wconf 87' lang='lat' dir='ltr'>terras</span> <span class='ocrx_word' id='word_1_47' title='bbox 777 883 1008 932; x_wconf 85' lang='lat' dir='ltr'>Flandriae</span> <span class='ocrx_word' id='word_1_48' title='bbox 1029 893 1214 949; x_wconf 86' lang='lat' dir='ltr'>petere,</span> <span class='ocrx_word' id='word_1_49' title='bbox 1245 900 1305 930; x_wconf 90' lang='lat' dir='ltr'>ne</span> <span class='ocrx_word' id='word_1_50' title='bbox 1327 883 1376 930; x_wconf 90' lang='lat' dir='ltr'>in</span> <span class='ocrx_word' id='word_1_51' title='bbox 1401 885 1474 931; x_wconf 92' lang='lat' dir='ltr'>sui</span> <span class='ocrx_word' id='word_1_52' title='bbox 1495 884 1585 932; x_wconf 88' lang='lat' dir='ltr'>fra·</span> 
     </span>
     <span class='ocr_line' id='line_1_9' title="bbox 174 960 1587 1026; baseline 0.001 -20"><span class='ocrx_word' id='word_1_53' title='bbox 174 960 257 1007; x_wconf 84' lang='lat' dir='ltr'>tris</span> <span class='ocrx_word' id='word_1_54' title='bbox 278 961 399 1026; x_wconf 84' lang='lat' dir='ltr'>regis</span> <span class='ocrx_word' id='word_1_55' title='bbox 425 977 597 1008; x_wconf 91' lang='lat' dir='ltr'>manus</span> <span class='ocrx_word' id='word_1_56' title='bbox 619 961 863 1008; x_wconf 84' lang='lat' dir='ltr'>incideret.</span> <span class='ocrx_word' id='word_1_57' title='bbox 894 960 988 1008; x_wconf 89' lang='lat' dir='ltr'>Sed</span> <span class='ocrx_word' id='word_1_58' title='bbox 1011 977 1124 1007; x_wconf 93' lang='lat' dir='ltr'>cum</span> <span class='ocrx_word' id='word_1_59' title='bbox 1146 961 1195 1007; x_wconf 88' lang='lat' dir='ltr'>id</span> <span class='ocrx_word' id='word_1_60' title='bbox 1219 970 1514 1020; x_wconf 83' lang='lat' dir='ltr'>attentasset,</span> <span class='ocrx_word' id='word_1_61' title='bbox 1540 971 1587 1008; x_wconf 89' lang='lat' dir='ltr'>et</span> 
     </span>
     <span class='ocr_line' id='line_1_10' title="bbox 174 1037 1589 1101; baseline 0.001 -17"><span class='ocrx_word' id='word_1_62' title='bbox 174 1038 356 1101; x_wconf 81' lang='lat' dir='ltr'>navim,</span> <span class='ocrx_word' id='word_1_63' title='bbox 382 1038 475 1087; x_wconf 79' lang='lat' dir='ltr'>veli</span> <span class='ocrx_word' id='word_1_64' title='bbox 507 1039 707 1086; x_wconf 82' lang='lat' dir='ltr'>faciendi</span> <span class='ocrx_word' id='word_1_65' title='bbox 733 1055 898 1098; x_wconf 88' lang='lat' dir='ltr'>causa,</span> <span class='ocrx_word' id='word_1_66' title='bbox 924 1037 1305 1100; x_wconf 85' lang='lat' dir='ltr'>conscendisset,</span> <span class='ocrx_word' id='word_1_67' title='bbox 1331 1049 1476 1086; x_wconf 88' lang='lat' dir='ltr'>vento</span> <span class='ocrx_word' id='word_1_68' title='bbox 1505 1039 1589 1086; x_wconf 90' lang='lat' dir='ltr'>ad-</span> 
     </span>
     <span class='ocr_line' id='line_1_11' title="bbox 171 1114 1590 1181; baseline 0.002 -20"><span class='ocrx_word' id='word_1_69' title='bbox 171 1129 308 1162; x_wconf 83' lang='lat' dir='ltr'>verso</span> <span class='ocrx_word' id='word_1_70' title='bbox 339 1115 633 1180; x_wconf 75' lang='lat' dir='ltr'>prohibitus,</span> <span class='ocrx_word' id='word_1_71' title='bbox 665 1115 810 1181; x_wconf 91' lang='lat' dir='ltr'>pedes</span> <span class='ocrx_word' id='word_1_72' title='bbox 841 1116 1011 1163; x_wconf 89' lang='lat' dir='ltr'>iterum</span> <span class='ocrx_word' id='word_1_73' title='bbox 1038 1115 1198 1163; x_wconf 89' lang='lat' dir='ltr'>retulit</span> <span class='ocrx_word' id='word_1_74' title='bbox 1228 1114 1290 1162; x_wconf 93' lang='lat' dir='ltr'>ad</span> <span class='ocrx_word' id='word_1_75' title='bbox 1319 1125 1518 1176; x_wconf 89' lang='lat' dir='ltr'>terram,</span> <span class='ocrx_word' id='word_1_76' title='bbox 1545 1127 1590 1164; x_wconf 90' lang='lat' dir='ltr'>et</span> 
     </span>
     <span class='ocr_line' id='line_1_12' title="bbox 174 1189 1591 1258; baseline 0.002 -20"><span class='ocrx_word' id='word_1_77' title='bbox 174 1189 371 1240; x_wconf 83' lang='lat' dir='ltr'>firmatis</span> <span class='ocrx_word' id='word_1_78' title='bbox 402 1193 687 1257; x_wconf 90' lang='lat' dir='ltr'>quibusdam</span> <span class='ocrx_word' id='word_1_79' title='bbox 718 1194 868 1258; x_wconf 89' lang='lat' dir='ltr'>pactis</span> <span class='ocrx_word' id='word_1_80' title='bbox 896 1210 1005 1240; x_wconf 88' lang='lat' dir='ltr'>cum</span> <span class='ocrx_word' id='word_1_81' title='bbox 1039 1192 1161 1239; x_wconf 90' lang='lat' dir='ltr'>duce</span> <span class='ocrx_word' id='word_1_82' title='bbox 1197 1193 1474 1253; x_wconf 86' lang='lat' dir='ltr'>Britanniae,</span> <span class='ocrx_word' id='word_1_83' title='bbox 1508 1195 1591 1258; x_wconf 92' lang='lat' dir='ltr'>qui</span> 
     </span>
     <span class='ocr_line' id='line_1_13' title="bbox 174 1267 1591 1337; baseline 0.002 -21"><span class='ocrx_word' id='word_1_84' title='bbox 174 1267 234 1316; x_wconf 73' lang='lat' dir='ltr'>&#39;ad</span> <span class='ocrx_word' id='word_1_85' title='bbox 258 1286 368 1316; x_wconf 90' lang='lat' dir='ltr'>eum</span> <span class='ocrx_word' id='word_1_86' title='bbox 389 1271 730 1319; x_wconf 89' lang='lat' dir='ltr'>Houneflutum</span> <span class='ocrx_word' id='word_1_87' title='bbox 750 1271 882 1318; x_wconf 88' lang='lat' dir='ltr'>venit</span> <span class='ocrx_word' id='word_1_88' title='bbox 903 1287 928 1318; x_wconf 92' lang='lat' dir='ltr'>e</span> <span class='ocrx_word' id='word_1_89' title='bbox 951 1270 1184 1330; x_wconf 87' lang='lat' dir='ltr'>Cadomo,</span> <span class='ocrx_word' id='word_1_90' title='bbox 1208 1288 1319 1318; x_wconf 90' lang='lat' dir='ltr'>cum</span> <span class='ocrx_word' id='word_1_91' title='bbox 1342 1271 1463 1337; x_wconf 89' lang='lat' dir='ltr'>ipso,</span> <span class='ocrx_word' id='word_1_92' title='bbox 1487 1289 1591 1319; x_wconf 91' lang='lat' dir='ltr'>mu-</span> 
     </span>
     <span class='ocr_line' id='line_1_14' title="bbox 174 1347 1592 1416; baseline 0.004 -23"><span class='ocrx_word' id='word_1_93' title='bbox 174 1355 274 1394; x_wconf 91' lang='lat' dir='ltr'>tato</span> <span class='ocrx_word' id='word_1_94' title='bbox 296 1347 520 1408; x_wconf 90' lang='lat' dir='ltr'>consilio,</span> <span class='ocrx_word' id='word_1_95' title='bbox 551 1349 639 1398; x_wconf 89' lang='lat' dir='ltr'>iter</span> <span class='ocrx_word' id='word_1_96' title='bbox 664 1365 825 1397; x_wconf 88' lang='lat' dir='ltr'>versus</span> <span class='ocrx_word' id='word_1_97' title='bbox 853 1349 1143 1396; x_wconf 86' lang='lat' dir='ltr'>Britanniam</span> <span class='ocrx_word' id='word_1_98' title='bbox 1164 1349 1379 1414; x_wconf 87' lang='lat' dir='ltr'>arripuit.</span> <span class='ocrx_word' id='word_1_99' title='bbox 1417 1353 1473 1396; x_wconf 91' lang='lat' dir='ltr'>Et</span> <span class='ocrx_word' id='word_1_100' title='bbox 1506 1367 1592 1416; x_wconf 91' lang='lat' dir='ltr'>per</span> 
     </span>
     <span class='ocr_line' id='line_1_15' title="bbox 174 1424 1590 1492; baseline 0.003 -22"><span class='ocrx_word' id='word_1_101' title='bbox 174 1428 328 1472; x_wconf 85' lang='lat' dir='ltr'>annos</span> <span class='ocrx_word' id='word_1_102' title='bbox 352 1424 499 1472; x_wconf 85' lang='lat' dir='ltr'>ferme</span> <span class='ocrx_word' id='word_1_103' title='bbox 527 1436 733 1491; x_wconf 89' lang='lat' dir='ltr'>quatuor</span> <span class='ocrx_word' id='word_1_104' title='bbox 760 1426 854 1473; x_wconf 86' lang='lat' dir='ltr'>illic</span> <span class='ocrx_word' id='word_1_105' title='bbox 876 1426 1025 1487; x_wconf 90' lang='lat' dir='ltr'>stetit,</span> <span class='ocrx_word' id='word_1_106' title='bbox 1051 1425 1141 1472; x_wconf 92' lang='lat' dir='ltr'>sub</span> <span class='ocrx_word' id='word_1_107' title='bbox 1164 1426 1308 1473; x_wconf 87' lang='lat' dir='ltr'>tutela</span> <span class='ocrx_word' id='word_1_108' title='bbox 1331 1436 1379 1474; x_wconf 92' lang='lat' dir='ltr'>et</span> <span class='ocrx_word' id='word_1_109' title='bbox 1397 1437 1590 1492; x_wconf 85' lang='lat' dir='ltr'>protec-</span> 
     </span>
     <span class='ocr_line' id='line_1_16' title="bbox 174 1499 1593 1565; baseline 0.003 -19"><span class='ocrx_word' id='word_1_110' title='bbox 174 1499 306 1548; x_wconf 85' lang='lat' dir='ltr'>tione</span> <span class='ocrx_word' id='word_1_111' title='bbox 330 1501 542 1565; x_wconf 87' lang='lat' dir='ltr'>ejusdem</span> <span class='ocrx_word' id='word_1_112' title='bbox 567 1501 744 1563; x_wconf 80' lang='lat' dir='ltr'>ducis¹3</span> <span class='ocrx_word' id='word_1_113' title='bbox 771 1502 906 1565; x_wconf 88' lang='lat' dir='ltr'>cujus</span> <span class='ocrx_word' id='word_1_114' title='bbox 931 1501 994 1548; x_wconf 87' lang='lat' dir='ltr'>ad</span> <span class='ocrx_word' id='word_1_115' title='bbox 1017 1518 1129 1548; x_wconf 88' lang='lat' dir='ltr'>eum</span> <span class='ocrx_word' id='word_1_116' title='bbox 1155 1500 1273 1549; x_wconf 83' lang='lat' dir='ltr'>fides</span> <span class='ocrx_word' id='word_1_117' title='bbox 1297 1501 1593 1550; x_wconf 90' lang='lat' dir='ltr'>humanitas-</span> 
     </span>
     <span class='ocr_line' id='line_1_17' title="bbox 176 1577 1592 1644; baseline 0.003 -21"><span class='ocrx_word' id='word_1_118' title='bbox 176 1592 270 1640; x_wconf 93' lang='lat' dir='ltr'>que</span> <span class='ocrx_word' id='word_1_119' title='bbox 294 1577 538 1643; x_wconf 89' lang='lat' dir='ltr'>aliquanto</span> <span class='ocrx_word' id='word_1_120' title='bbox 564 1580 836 1626; x_wconf 87' lang='lat' dir='ltr'>enituerunt</span> <span class='ocrx_word' id='word_1_121' title='bbox 860 1579 1054 1639; x_wconf 86' lang='lat' dir='ltr'>clarius,</span> <span class='ocrx_word' id='word_1_122' title='bbox 1083 1595 1230 1643; x_wconf 89' lang='lat' dir='ltr'>quam</span> <span class='ocrx_word' id='word_1_123' title='bbox 1255 1579 1384 1644; x_wconf 93' lang='lat' dir='ltr'>apud</span> <span class='ocrx_word' id='word_1_124' title='bbox 1414 1580 1592 1627; x_wconf 88' lang='lat' dir='ltr'>Rotho-</span> 
     </span>
     <span class='ocr_line' id='line_1_18' title="bbox 175 1655 1638 1722; baseline 0.001 -20"><span class='ocrx_word' id='word_1_125' title='bbox 175 1669 368 1717; x_wconf 84' lang='lat' dir='ltr'>magum</span> <span class='ocrx_word' id='word_1_126' title='bbox 387 1655 691 1720; x_wconf 72' lang='lat' dir='ltr'>exhibuisset.</span> <span class='ocrx_word' id='word_1_127' title='bbox 714 1655 940 1703; x_wconf 83' lang='lat' dir='ltr'>Adversas</span> <span class='ocrx_word' id='word_1_128' title='bbox 955 1656 1084 1703; x_wconf 91' lang='lat' dir='ltr'>enim</span> <span class='ocrx_word' id='word_1_129' title='bbox 1100 1673 1175 1703; x_wconf 91' lang='lat' dir='ltr'>res</span> <span class='ocrx_word' id='word_1_130' title='bbox 1195 1655 1339 1703; x_wconf 82' lang='lat' dir='ltr'>fidem</span> <span class='ocrx_word' id='word_1_131' title='bbox 1359 1657 1592 1722; x_wconf 87' lang='lat' dir='ltr'>exigendo</span> <span class='ocrx_word' id='word_1_132' title='bbox 1635 1670 1638 1674; x_wconf 85' lang='grc'><em>·</em></span> 
     </span>
     <span class='ocr_line' id='line_1_19' title="bbox 175 1729 1592 1799; baseline 0.004 -22"><span class='ocrx_word' id='word_1_133' title='bbox 175 1729 283 1795; x_wconf 89' lang='lat' dir='ltr'>plus</span> <span class='ocrx_word' id='word_1_134' title='bbox 301 1733 511 1797; x_wconf 89' lang='lat' dir='ltr'>potuisse</span> <span class='ocrx_word' id='word_1_135' title='bbox 523 1742 826 1799; x_wconf 90' lang='lat' dir='ltr'>compertum</span> <span class='ocrx_word' id='word_1_136' title='bbox 841 1733 945 1793; x_wconf 87' lang='lat' dir='ltr'>fuit,</span> <span class='ocrx_word' id='word_1_137' title='bbox 962 1749 1109 1798; x_wconf 90' lang='lat' dir='ltr'>quam</span> <span class='ocrx_word' id='word_1_138' title='bbox 1132 1734 1352 1781; x_wconf 88' lang='lat' dir='ltr'>secundae</span> <span class='ocrx_word' id='word_1_139' title='bbox 1375 1735 1592 1782; x_wconf 88' lang='lat' dir='ltr'>eamdem</span> 
     </span>
     <span class='ocr_line' id='line_1_20' title="bbox 176 1806 1596 1877; baseline 0.004 -23"><span class='ocrx_word' id='word_1_140' title='bbox 176 1806 320 1856; x_wconf 85' lang='lat' dir='ltr'>fidem</span> <span class='ocrx_word' id='word_1_141' title='bbox 353 1809 598 1875; x_wconf 91' lang='lat' dir='ltr'>poscendo</span> <span class='ocrx_word' id='word_1_142' title='bbox 638 1820 777 1858; x_wconf 88' lang='lat' dir='ltr'>antea</span> <span class='ocrx_word' id='word_1_143' title='bbox 803 1811 1100 1858; x_wconf 80' lang='lat' dir='ltr'>valuissent³.</span> <span class='ocrx_word' id='word_1_144' title='bbox 1138 1811 1387 1875; x_wconf 85' lang='lat' dir='ltr'>Eleganter</span> <span class='ocrx_word' id='word_1_145' title='bbox 1417 1813 1596 1877; x_wconf 85' lang='lat' dir='ltr'>quippe</span> 
     </span>
     <span class='ocr_line' id='line_1_21' title="bbox 179 1886 860 1951; baseline 0.001 -17"><span class='ocrx_word' id='word_1_146' title='bbox 179 1901 207 1934; x_wconf 85' lang='lat' dir='ltr'>a</span> <span class='ocrx_word' id='word_1_147' title='bbox 229 1886 409 1951; x_wconf 78' lang='lat' dir='ltr'>tragico</span> <span class='ocrx_word' id='word_1_148' title='bbox 433 1888 732 1935; x_wconf 89' lang='lat' dir='ltr'>enuntiatum</span> <span class='ocrx_word' id='word_1_149' title='bbox 756 1897 826 1936; x_wconf 91' lang='lat' dir='ltr'>est</span> <span class='ocrx_word' id='word_1_150' title='bbox 849 1907 860 1935; x_wconf 72' lang='grc' dir='ltr'><strong><em>ε</em></strong></span> 
     </span>
    </p>
   </div>
   <div class='ocr_carea' id='block_1_3' title="bbox 264 2006 1443 2069">
    <p class='ocr_par' dir='ltr' id='par_1_4' title="bbox 264 2006 1443 2069">
     <span class='ocr_line' id='line_1_22' title="bbox 264 2006 1443 2069; baseline 0.003 -19"><span class='ocrx_word' id='word_1_151' title='bbox 264 2006 407 2062; x_wconf 87' lang='lat' dir='ltr'>Quam</span> <span class='ocrx_word' id='word_1_152' title='bbox 427 2006 557 2051; x_wconf 87' lang='lat' dir='ltr'>fidem</span> <span class='ocrx_word' id='word_1_153' title='bbox 575 2023 777 2068; x_wconf 87' lang='lat' dir='ltr'>prospera</span> <span class='ocrx_word' id='word_1_154' title='bbox 797 2019 1001 2068; x_wconf 81' lang='lat' dir='ltr'>poscunt,</span> <span class='ocrx_word' id='word_1_155' title='bbox 1027 2007 1202 2052; x_wconf 86' lang='lat' dir='ltr'>adversa</span> <span class='ocrx_word' id='word_1_156' title='bbox 1223 2010 1397 2069; x_wconf 86' lang='lat' dir='ltr'>exigunt</span> <span class='ocrx_word' id='word_1_157' title='bbox 1409 2009 1443 2053; x_wconf 72' lang='lat'>⁴.</span> 
     </span>
    </p>
   </div>
   <div class='ocr_carea' id='block_1_4' title="bbox 233 2159 508 2200">
    <p class='ocr_par' dir='ltr' id='par_1_5' title="bbox 233 2159 508 2200">
     <span class='ocr_line' id='line_1_23' title="bbox 233 2159 508 2200; baseline 0.011 -3"><span class='ocrx_word' id='word_1_158' title='bbox 233 2159 253 2196; x_wconf 84' lang='lat'><strong>1</strong></span> <span class='ocrx_word' id='word_1_159' title='bbox 261 2188 272 2198; x_wconf 89' lang='lat'>.</span> <span class='ocrx_word' id='word_1_160' title='bbox 303 2160 508 2200; x_wconf 83' lang='lat' dir='ltr'>Honfleur.</span> 
     </span>
    </p>
   </div>
   <div class='ocr_carea' id='block_1_5' title="bbox 179 2219 1601 2574">
    <p class='ocr_par' dir='ltr' id='par_1_6' title="bbox 179 2219 1601 2574">
     <span class='ocr_line' id='line_1_24' title="bbox 211 2219 1597 2276; baseline 0.006 -21"><span class='ocrx_word' id='word_1_161' title='bbox 211 2261 215 2264; x_wconf 20' lang='lat'><strong>⁴</strong></span> <span class='ocrx_word' id='word_1_162' title='bbox 231 2219 272 2257; x_wconf 78' lang='lat'>2.</span> <span class='ocrx_word' id='word_1_163' title='bbox 306 2234 324 2255; x_wconf 77' lang='grc' dir='ltr'>ι</span> <span class='ocrx_word' id='word_1_164' title='bbox 344 2222 399 2258; x_wconf 88' lang='lat' dir='ltr'>Le</span> <span class='ocrx_word' id='word_1_165' title='bbox 418 2220 493 2259; x_wconf 92' lang='lat' dir='ltr'>duc</span> <span class='ocrx_word' id='word_1_166' title='bbox 509 2221 559 2259; x_wconf 87' lang='lat' dir='ltr'>de</span> <span class='ocrx_word' id='word_1_167' title='bbox 579 2224 766 2273; x_wconf 84' lang='lat' dir='ltr'>Berry....</span> <span class='ocrx_word' id='word_1_168' title='bbox 786 2223 900 2262; x_wconf 76' lang='lat' dir='ltr'>estoit</span> <span class='ocrx_word' id='word_1_169' title='bbox 912 2224 1015 2275; x_wconf 78' lang='lat' dir='ltr'>logie</span> <span class='ocrx_word' id='word_1_170' title='bbox 1035 2237 1086 2262; x_wconf 85' lang='lat' dir='ltr'>au</span> <span class='ocrx_word' id='word_1_171' title='bbox 1107 2225 1252 2263; x_wconf 89' lang='lat' dir='ltr'>chastel</span> <span class='ocrx_word' id='word_1_172' title='bbox 1272 2224 1322 2263; x_wconf 89' lang='lat' dir='ltr'>de</span> <span class='ocrx_word' id='word_1_173' title='bbox 1334 2227 1504 2274; x_wconf 89' lang='lat' dir='ltr'>Vennes,</span> <span class='ocrx_word' id='word_1_174' title='bbox 1521 2238 1597 2276; x_wconf 87' lang='lat' dir='ltr'>que</span> 
     </span>
     <span class='ocr_line' id='line_1_25' title="bbox 179 2275 1598 2329; baseline 0.006 -15"><span class='ocrx_word' id='word_1_175' title='bbox 179 2275 261 2315; x_wconf 85' lang='lat' dir='ltr'>l&#39;on</span> <span class='ocrx_word' id='word_1_176' title='bbox 281 2276 339 2316; x_wconf 85' lang='lat' dir='ltr'>dit</span> <span class='ocrx_word' id='word_1_177' title='bbox 356 2279 558 2329; x_wconf 89' lang='lat' dir='ltr'>l’Ermine,</span> <span class='ocrx_word' id='word_1_178' title='bbox 573 2283 625 2319; x_wconf 80' lang='grc' dir='ltr'>οὺ</span> <span class='ocrx_word' id='word_1_179' title='bbox 643 2281 669 2319; x_wconf 92' lang='lat' dir='ltr'>il</span> <span class='ocrx_word' id='word_1_180' title='bbox 691 2295 752 2320; x_wconf 91' lang='lat' dir='ltr'>me</span> <span class='ocrx_word' id='word_1_181' title='bbox 772 2282 904 2321; x_wconf 86' lang='lat' dir='ltr'>traicta</span> <span class='ocrx_word' id='word_1_182' title='bbox 919 2282 1255 2323; x_wconf 88' lang='lat' dir='ltr'>honorablement.</span> <span class='ocrx_word' id='word_1_183' title='bbox 1272 2284 1304 2322; x_wconf 92' lang='lat' dir='ltr'>Il</span> <span class='ocrx_word' id='word_1_184' title='bbox 1319 2285 1432 2322; x_wconf 90' lang='lat' dir='ltr'>estoit</span> <span class='ocrx_word' id='word_1_185' title='bbox 1449 2298 1598 2323; x_wconf 88' lang='lat' dir='ltr'>accom-</span> 
     </span>
     <span class='ocr_line' id='line_1_26' title="bbox 180 2336 1599 2394; baseline 0.005 -19"><span class='ocrx_word' id='word_1_186' title='bbox 180 2336 319 2388; x_wconf 64' lang='lat' dir='ltr'>paigne</span> <span class='ocrx_word' id='word_1_187' title='bbox 337 2338 386 2377; x_wconf 88' lang='lat' dir='ltr'>de</span> <span class='ocrx_word' id='word_1_188' title='bbox 407 2341 680 2393; x_wconf 82' lang='lat' dir='ltr'>monseigneur</span> <span class='ocrx_word' id='word_1_189' title='bbox 699 2341 748 2380; x_wconf 90' lang='lat' dir='ltr'>de</span> <span class='ocrx_word' id='word_1_190' title='bbox 766 2341 950 2392; x_wconf 87' lang='lat' dir='ltr'>Beanjeu,</span> <span class='ocrx_word' id='word_1_191' title='bbox 971 2343 1071 2381; x_wconf 76' lang='lat' dir='ltr'>frere</span> <span class='ocrx_word' id='word_1_192' title='bbox 1090 2343 1144 2381; x_wconf 93' lang='lat' dir='ltr'>du</span> <span class='ocrx_word' id='word_1_193' title='bbox 1161 2343 1236 2381; x_wconf 94' lang='lat' dir='ltr'>duc</span> <span class='ocrx_word' id='word_1_194' title='bbox 1255 2343 1304 2381; x_wconf 89' lang='lat' dir='ltr'>de</span> <span class='ocrx_word' id='word_1_195' title='bbox 1326 2343 1507 2382; x_wconf 66' lang='lat' dir='ltr'>Boua-bon</span> <span class='ocrx_word' id='word_1_196' title='bbox 1519 2377 1528 2394; x_wconf 86' lang='lat'>‚</span> <span class='ocrx_word' id='word_1_197' title='bbox 1550 2345 1599 2382; x_wconf 89' lang='lat' dir='ltr'>de</span> 
     </span>
     <span class='ocr_line' id='line_1_27' title="bbox 180 2393 1599 2453; baseline 0.006 -20"><span class='ocrx_word' id='word_1_198' title='bbox 180 2393 376 2448; x_wconf 63' lang='lat' dir='ltr'>l’evesque</span> <span class='ocrx_word' id='word_1_199' title='bbox 404 2399 454 2438; x_wconf 89' lang='lat' dir='ltr'>de</span> <span class='ocrx_word' id='word_1_200' title='bbox 482 2401 640 2439; x_wconf 90' lang='lat' dir='ltr'>Verdun</span> <span class='ocrx_word' id='word_1_201' title='bbox 656 2430 666 2446; x_wconf 94' lang='lat'><strong>‚</strong></span> <span class='ocrx_word' id='word_1_202' title='bbox 699 2402 767 2452; x_wconf 90' lang='lat' dir='ltr'>qui</span> <span class='ocrx_word' id='word_1_203' title='bbox 793 2402 906 2440; x_wconf 88' lang='lat' dir='ltr'>estoit</span> <span class='ocrx_word' id='word_1_204' title='bbox 935 2402 984 2441; x_wconf 86' lang='lat' dir='ltr'>de</span> <span class='ocrx_word' id='word_1_205' title='bbox 1014 2402 1130 2441; x_wconf 84' lang='lat' dir='ltr'>ceulx</span> <span class='ocrx_word' id='word_1_206' title='bbox 1169 2403 1219 2441; x_wconf 88' lang='lat' dir='ltr'>de</span> <span class='ocrx_word' id='word_1_207' title='bbox 1245 2406 1513 2453; x_wconf 86' lang='lat' dir='ltr'>Haraucourt‚</span> <span class='ocrx_word' id='word_1_208' title='bbox 1533 2405 1599 2442; x_wconf 68' lang='lat' dir='ltr'>⁴de</span> 
     </span>
     <span class='ocr_line' id='line_1_28' title="bbox 182 2455 1601 2515; baseline 0.007 -23"><span class='ocrx_word' id='word_1_209' title='bbox 182 2455 336 2494; x_wconf 81' lang='lat' dir='ltr'>maistre</span> <span class='ocrx_word' id='word_1_210' title='bbox 358 2458 488 2497; x_wconf 86' lang='lat' dir='ltr'>Pierre</span> <span class='ocrx_word' id='word_1_211' title='bbox 507 2460 704 2508; x_wconf 86' lang='lat' dir='ltr'>d&#39;Oriole;</span> <span class='ocrx_word' id='word_1_212' title='bbox 729 2461 782 2499; x_wconf 94' lang='lat' dir='ltr'>du</span> <span class='ocrx_word' id='word_1_213' title='bbox 800 2475 929 2500; x_wconf 85' lang='lat' dir='ltr'>neveu</span> <span class='ocrx_word' id='word_1_214' title='bbox 949 2462 1004 2500; x_wconf 91' lang='lat' dir='ltr'>du</span> <span class='ocrx_word' id='word_1_215' title='bbox 1023 2471 1148 2501; x_wconf 88' lang='lat' dir='ltr'>comte</span> <span class='ocrx_word' id='word_1_216' title='bbox 1167 2462 1216 2501; x_wconf 89' lang='lat' dir='ltr'>de</span> <span class='ocrx_word' id='word_1_217' title='bbox 1238 2465 1529 2515; x_wconf 82' lang='lat' dir='ltr'>Dampmartin3</span> <span class='ocrx_word' id='word_1_218' title='bbox 1552 2465 1601 2502; x_wconf 85' lang='lat' dir='ltr'>de</span> 
     </span>
     <span class='ocr_line' id='line_1_29' title="bbox 182 2514 1598 2574; baseline 0.007 -24"><span class='ocrx_word' id='word_1_219' title='bbox 182 2514 339 2552; x_wconf 77' lang='lat' dir='ltr'>messii-e</span> <span class='ocrx_word' id='word_1_220' title='bbox 356 2516 478 2555; x_wconf 85' lang='lat' dir='ltr'>Jehan</span> <span class='ocrx_word' id='word_1_221' title='bbox 500 2518 548 2557; x_wconf 88' lang='lat' dir='ltr'>de</span> <span class='ocrx_word' id='word_1_222' title='bbox 565 2520 737 2569; x_wconf 81' lang='lat' dir='ltr'>Blosset3</span> <span class='ocrx_word' id='word_1_223' title='bbox 767 2520 821 2559; x_wconf 91' lang='lat' dir='ltr'>du</span> <span class='ocrx_word' id='word_1_224' title='bbox 843 2522 1024 2574; x_wconf 82' lang='lat' dir='ltr'>seigneur</span> <span class='ocrx_word' id='word_1_225' title='bbox 1046 2522 1096 2560; x_wconf 84' lang='lat' dir='ltr'>de</span> <span class='ocrx_word' id='word_1_226' title='bbox 1115 2522 1351 2570; x_wconf 82' lang='lat' dir='ltr'>Malicorne3</span> <span class='ocrx_word' id='word_1_227' title='bbox 1373 2523 1422 2562; x_wconf 90' lang='lat' dir='ltr'>de</span> <span class='ocrx_word' id='word_1_228' title='bbox 1437 2523 1598 2561; x_wconf 86' lang='lat' dir='ltr'>Joachin</span> 
     </span>
    </p>
   </div>
   <div class='ocr_carea' id='block_1_6' title="bbox 183 2573 1599 2686">
    <p class='ocr_par' dir='ltr' id='par_1_7' title="bbox 183 2573 1599 2686">
     <span class='ocr_line' id='line_1_30' title="bbox 183 2573 1599 2634; baseline 0.006 -24"><span class='ocrx_word' id='word_1_229' title='bbox 183 2573 231 2610; x_wconf 89' lang='lat' dir='ltr'>de</span> <span class='ocrx_word' id='word_1_230' title='bbox 255 2574 436 2622; x_wconf 88' lang='lat' dir='ltr'>Velours,</span> <span class='ocrx_word' id='word_1_231' title='bbox 465 2585 503 2615; x_wconf 88' lang='lat' dir='ltr'>et</span> <span class='ocrx_word' id='word_1_232' title='bbox 532 2578 581 2616; x_wconf 88' lang='lat' dir='ltr'>de</span> <span class='ocrx_word' id='word_1_233' title='bbox 605 2579 728 2617; x_wconf 90' lang='lat' dir='ltr'>moult</span> <span class='ocrx_word' id='word_1_234' title='bbox 758 2580 928 2619; x_wconf 88' lang='lat' dir='ltr'>d’autres</span> <span class='ocrx_word' id='word_1_235' title='bbox 955 2594 1049 2634; x_wconf 88' lang='lat' dir='ltr'>gens</span> <span class='ocrx_word' id='word_1_236' title='bbox 1076 2581 1125 2620; x_wconf 91' lang='lat' dir='ltr'>de</span> <span class='ocrx_word' id='word_1_237' title='bbox 1151 2580 1255 2620; x_wconf 88' lang='lat' dir='ltr'>bien.</span> <span class='ocrx_word' id='word_1_238' title='bbox 1277 2598 1296 2615; x_wconf 63' lang='grc' dir='ltr'>ιν</span> <span class='ocrx_word' id='word_1_239' title='bbox 1315 2583 1462 2621; x_wconf 89' lang='lat' dir='ltr'>Olivier</span> <span class='ocrx_word' id='word_1_240' title='bbox 1488 2582 1536 2620; x_wconf 89' lang='lat' dir='ltr'>de</span> <span class='ocrx_word' id='word_1_241' title='bbox 1563 2582 1599 2619; x_wconf 89' lang='lat' dir='ltr'>la</span> 
     </span>
     <span class='ocr_line' id='line_1_31' title="bbox 183 2634 846 2686; baseline 0.014 -16"><span class='ocrx_word' id='word_1_242' title='bbox 183 2634 354 2681; x_wconf 88' lang='lat' dir='ltr'>Marche,</span> <span class='ocrx_word' id='word_1_243' title='bbox 377 2637 595 2685; x_wconf 75' lang='lat' dir='ltr'>Me&#39;moires,</span> <span class='ocrx_word' id='word_1_244' title='bbox 613 2640 640 2675; x_wconf 91' lang='lat' dir='ltr'>l.</span> <span class='ocrx_word' id='word_1_245' title='bbox 664 2641 697 2686; x_wconf 90' lang='grc' dir='ltr'>Ι,</span> <span class='ocrx_word' id='word_1_246' title='bbox 719 2651 754 2678; x_wconf 91' lang='lat' dir='ltr'>c.</span> <span class='ocrx_word' id='word_1_247' title='bbox 780 2641 846 2680; x_wconf 83' lang='grc'>35,</span> 
     </span>
    </p>
   </div>
   <div class='ocr_carea' id='block_1_7' title="bbox 239 2692 1409 2750">
    <p class='ocr_par' dir='ltr' id='par_1_8' title="bbox 239 2692 1409 2750">
     <span class='ocr_line' id='line_1_32' title="bbox 239 2692 1409 2750; baseline 0.006 -21"><span class='ocrx_word' id='word_1_248' title='bbox 239 2694 277 2730; x_wconf 88' lang='grc'>3.</span> <span class='ocrx_word' id='word_1_249' title='bbox 308 2694 368 2730; x_wconf 89' lang='lat' dir='ltr'>On</span> <span class='ocrx_word' id='word_1_250' title='bbox 387 2692 431 2730; x_wconf 90' lang='lat' dir='ltr'>lit</span> <span class='ocrx_word' id='word_1_251' title='bbox 446 2706 496 2732; x_wconf 87' lang='lat' dir='ltr'>en</span> <span class='ocrx_word' id='word_1_252' title='bbox 513 2708 644 2747; x_wconf 75' lang='lat' dir='ltr'>max-ge</span> <span class='ocrx_word' id='word_1_253' title='bbox 665 2696 808 2735; x_wconf 86' lang='lat' dir='ltr'>devant</span> <span class='ocrx_word' id='word_1_254' title='bbox 828 2710 872 2736; x_wconf 93' lang='lat' dir='ltr'>ce</span> <span class='ocrx_word' id='word_1_255' title='bbox 891 2711 1054 2750; x_wconf 82' lang='lat' dir='ltr'>passage</span> <span class='ocrx_word' id='word_1_256' title='bbox 1070 2713 1078 2735; x_wconf 90' lang='lat'>:</span> <span class='ocrx_word' id='word_1_257' title='bbox 1100 2701 1240 2736; x_wconf 77' lang='lat' dir='ltr'>Rarum</span> <span class='ocrx_word' id='word_1_258' title='bbox 1255 2700 1323 2736; x_wconf 80' lang='lat' dir='ltr'>hoc</span> <span class='ocrx_word' id='word_1_259' title='bbox 1340 2709 1409 2737; x_wconf 86' lang='lat' dir='ltr'>est.</span> 
     </span>
    </p>
   </div>
   <div class='ocr_carea' id='block_1_8' title="bbox 186 2753 1600 2868">
    <p class='ocr_par' dir='ltr' id='par_1_9' title="bbox 186 2753 1600 2868">
     <span class='ocr_line' id='line_1_33' title="bbox 240 2753 1600 2808; baseline 0.004 -19"><span class='ocrx_word' id='word_1_260' title='bbox 240 2755 278 2790; x_wconf 78' lang='lat'>4.</span> <span class='ocrx_word' id='word_1_261' title='bbox 309 2755 403 2790; x_wconf 90' lang='lat' dir='ltr'>Vers</span> <span class='ocrx_word' id='word_1_262' title='bbox 431 2753 480 2791; x_wconf 89' lang='lat' dir='ltr'>de</span> <span class='ocrx_word' id='word_1_263' title='bbox 506 2753 789 2806; x_wconf 84' lang='lat' dir='ltr'>l&#39;Agamemnon</span> <span class='ocrx_word' id='word_1_264' title='bbox 807 2758 874 2808; x_wconf 90' lang='lat' dir='ltr'>qui</span> <span class='ocrx_word' id='word_1_265' title='bbox 899 2758 980 2796; x_wconf 92' lang='lat' dir='ltr'>doit</span> <span class='ocrx_word' id='word_1_266' title='bbox 1005 2761 1087 2797; x_wconf 64' lang='lat' dir='ltr'>&amp;tre</span> <span class='ocrx_word' id='word_1_267' title='bbox 1111 2759 1207 2797; x_wconf 77' lang='lat' dir='ltr'>ainsi</span> <span class='ocrx_word' id='word_1_268' title='bbox 1233 2760 1390 2798; x_wconf 80' lang='lat' dir='ltr'>restitue</span> <span class='ocrx_word' id='word_1_269' title='bbox 1410 2774 1419 2796; x_wconf 87' lang='lat'>:</span> <span class='ocrx_word' id='word_1_270' title='bbox 1442 2762 1600 2796; x_wconf 60' lang='lat' dir='ltr'>Possum</span> 
     </span>
     <span class='ocr_line' id='line_1_34' title="bbox 186 2811 930 2868; baseline 0.012 -22"><span class='ocrx_word' id='word_1_271' title='bbox 186 2811 297 2859; x_wconf 85' lang='lat' dir='ltr'>fidem</span> <span class='ocrx_word' id='word_1_272' title='bbox 319 2814 504 2862; x_wconf 83' lang='lat' dir='ltr'>secunda,</span> <span class='ocrx_word' id='word_1_273' title='bbox 522 2824 564 2850; x_wconf 84' lang='lat' dir='ltr'>at</span> <span class='ocrx_word' id='word_1_274' title='bbox 579 2817 736 2853; x_wconf 81' lang='lat' dir='ltr'>adversa</span> <span class='ocrx_word' id='word_1_275' title='bbox 763 2822 930 2868; x_wconf 77' lang='lat' dir='ltr'>exigunt.</span> 
     </span>
    </p>
   </div>
   <div class='ocr_carea' id='block_1_9' title="bbox 399 2894 1404 2929">
    <p class='ocr_par' dir='ltr' id='par_1_10' title="bbox 399 2894 1404 2929">
     <span class='ocr_line' id='line_1_35' title="bbox 399 2894 1404 2929; baseline 0.01 -10"><span class='ocrx_word' id='word_1_276' title='bbox 399 2897 435 2920; x_wconf 92' lang='lat'>11</span> <span class='ocrx_word' id='word_1_277' title='bbox 1362 2894 1404 2929; x_wconf 79' lang='grc' dir='ltr'>Η</span> 
     </span>
    </p>
   </div>
  </div>
 </body>
</html>
