2054 3470
727 350 876 387 umen
907 350 1137 398 Qumrus,
1561 353 1636 391 387

229 438 385 505 potiti,
410 453 532 503 quae,
558 446 611 484 ut
631 436 856 497 diximus,
879 451 1051 501 magna
1081 446 1129 484 et
1159 436 1519 501 opulentissima
1540 438 1639 486 fue-

227 526 318 578 rat,
341 517 466 564 intra
486 515 658 563 limites
679 531 792 561 suos
813 513 993 574 hostes,
1022 514 1063 561 si
1078 530 1161 562 eos
1187 514 1308 562 forte
1326 515 1640 580 ingrederen-

228 603 324 654 tur,
362 603 539 642 temere
571 592 684 640 inde
705 592 971 657 irrumpere
1007 592 1084 640 vel
1111 593 1239 640 exire
1271 608 1373 640 non
1405 590 1641 641 attentanss

229 672 408 718 tes....¹

293 747 440 811 Igitur
480 746 740 793 instaurato
788 745 887 793 dux
930 756 978 794 et
1019 755 1271 811 aggregato
1312 748 1644 796 numerosiore

229 841 374 890 quam
400 824 531 889 prius
561 823 789 883 exercitu,
815 833 862 870 et
893 841 995 871 non
1025 824 1250 871 inferiore
1276 823 1391 872 belli
1414 835 1646 891 apparatu

228 909 277 948 et
289 916 536 961 curruum,
559 899 722 947 castris
734 899 1048 959 reaedificatis,
1061 899 1365 948 inardescens
1386 900 1646 966 cupiditate

228 975 487 1024 ulciscendi
500 985 742 1041 susceptas
756 976 994 1041 perprius’
1009 976 1207 1040 injurias
1224 987 1272 1024 et
1284 977 1480 1039 damna,
1496 977 1648 1025 movit

227 1070 286 1101 ex
335 1057 610 1115 Lausanna,
666 1062 713 1100 et
761 1062 912 1100 castra
956 1053 1183 1102 adversus
1225 1055 1472 1102 castellum
1513 1055 1646 1120 quod

230 1133 429 1178 Morat³.
451 1130 734 1196 appellatur,
774 1130 824 1176 in
858 1129 1037 1178 finibus
1070 1132 1293 1184 extremis
1328 1132 1647 1191 Suitensium,

228 1219 434 1257 metatus
458 1218 544 1256 est.
572 1210 654 1255 Est
676 1207 874 1272 quidem
892 1207 1230 1273 hujuscemodi
1250 1209 1402 1270 locus,
1423 1209 1499 1256 vel
1517 1210 1650 1257 vicus

229 1286 304 1334 vel
324 1285 598 1347 castellum,
635 1285 796 1350 potius
829 1302 976 1350 quam
1008 1285 1260 1352 oppidum,
1290 1286 1645 1347 nominandus;

228 1380 328 1411 11011
360 1364 491 1411 0111111
522 1373 746 1432 putamus
790 1362 885 1410 illic
919 1373 1155 1412 trecentas
1189 1363 1364 1410 domos
1405 1364 1644 1411 exsistere.

229 1437 374 1496 Quod
405 1453 518 1484 cum
559 1434 812 1483 obsidione
840 1434 1115 1499 aliquandiu
1150 1435 1387 1498 fatigasset
1407 1471 1420 1495 ‚
1463 1435 1651 1482 Suiten-

229 1530 319 1574 ses,
340 1514 473 1578 juxta
487 1512 623 1578 quod
644 1513 735 1577 ipsi
755 1511 957 1559 obsessis
975 1512 1177 1577 polliciti
1196 1511 1398 1572 fuerant,
1420 1511 1483 1558 ad
1504 1511 1651 1559 feren-

229 1590 347 1638 dum
385 1590 551 1638 solatia
572 1599 619 1637 et
640 1605 939 1651 succursum,
968 1605 1127 1653 neque
1148 1589 1373 1654 promissi
1400 1589 1653 1636 immemo-

230 1684 323 1729 res,
348 1683 437 1714 nec
467 1667 530 1714 ad
551 1667 907 1730 exsequendum
938 1683 1106 1730 segnes
1129 1666 1440 1731 obtorpuere.
1468 1666 1560 1714 Sed
1595 1682 1652 1713 ex

230 1747 366 1794 terris
387 1747 484 1794 suis
500 1746 699 1795 collecta
718 1746 876 1793 valida
897 1762 1043 1793 manu
1069 1762 1181 1793 cum
1201 1761 1257 1793 ex
1282 1745 1536 1807 foederatis,
1553 1755 1651 1792 tam

230 1824 424 1872 Suevis‘
454 1840 602 1887 quam
634 1823 1006 1886 Ferretensibus,
1042 1833 1090 1871 et
1126 1823 1340 1871 finitimis
1380 1823 1650 1871 civitatibus

230 1902 486 1949 contractis
508 1911 556 1949 et
577 1902 755 1949 coactis
777 1902 962 1966 magnis
981 1901 1185 1961 auxiliis,
1207 1911 1482 1950 constanter
1504 1911 1551 1948 et
1570 1918 1650 1949 au-

231 1977 395 2026 dacter
411 1989 564 2026 castra
580 1995 681 2041 sua,
708 1978 770 2026 ad
789 1978 1006 2026 medium
1025 1978 1225 2026 milliare
1244 1979 1565 2026 teutonicum⁸
1586 1978 1647 2026 de

231 2057 396 2104 castris
417 2056 667 2104 hostilibus
690 2055 980 2104 locaverant.
1024 2059 1095 2104 Ita
1127 2056 1325 2121 quidem
1345 2073 1499 2122 prope
1529 2056 1647 2104 invi-

232 2149 339 2181 cem
357 2133 611 2181 amborum
632 2143 786 2182 castra
803 2133 1108 2196 exsistebant,
1132 2144 1186 2182 ut
1207 2151 1308 2183 non
1331 2134 1521 2182 difficile
1545 2151 1647 2183 sese

233 2211 408 2259 intueri
429 2211 711 2276 potuissent.

289 2309 307 2345 1
319 2337 328 2347 .
359 2310 415 2346 La
433 2306 572 2359 phrase
590 2314 690 2346 reste
709 2305 806 2345 ainsi
827 2305 1061 2359 suspendue,
1080 2306 1266 2359 quoiqu’il
1284 2309 1351 2360 n'y
1369 2307 1422 2347 ait
1436 2322 1505 2361 pas
1523 2308 1572 2348 de
1589 2308 1650 2348 13-

234 2380 334 2407 011110
353 2367 448 2406 dans
463 2367 500 2405 le
514 2379 586 2405 ms.

289 2430 328 2466 2.
358 2430 502 2477 Saepius
520 2426 616 2465 dans
637 2427 676 2465 le
696 2439 770 2465 ms,

292 2490 331 2527 3.
361 2489 412 2526 Ce
437 2487 619 2535 chateau,
641 2486 738 2525 situe
759 2498 825 2524 sur
843 2484 881 2524 le
905 2484 965 2523 lac
988 2484 1036 2523 de
1061 2485 1305 2535 Neufchatel,
1333 2484 1574 2536 appartenait
1600 2496 1651 2522 au

236 2555 360 2586 comte
379 2547 428 2585 de
444 2550 626 2597 Romont,
644 2548 740 2586 mais
758 2559 859 2599 pour
876 2545 913 2584 le
934 2554 1105 2585 moment
1119 2546 1147 2585 il
1169 2547 1260 2585 01311
1277 2546 1421 2599 00011ρο
1439 2559 1510 2598 par
1527 2545 1651 2584 douze

237 2614 343 2645 cents
358 2606 534 2645 hommes
551 2606 599 2645 de
616 2610 742 2645 Beme
759 2614 798 2645 et
815 2605 863 2644 de
879 2604 1086 2658 Fribourg.

292 2668 333 2704 4.
362 2667 470 2704 Ceux
487 2665 536 2704 de
556 2666 595 2704 la
615 2665 781 2706 Souabe.

295 2727 333 2763 5.
365 2727 399 2762 A
421 2741 440 2759 α
460 2738 515 2763 1111
533 2724 758 2763 demi-mille
775 2723 983 2773 allemand,
1008 2741 1027 2759 n
1045 2736 1095 2763 en
1112 2737 1166 2762 un
1185 2724 1264 2762 lieu
1282 2737 1359 2775 que
1377 2724 1414 2762 la
1433 2722 1654 2772 Chronique

242 2783 291 2822 de
313 2783 540 2823 Neufchatel
566 2783 719 2836 appelle
750 2783 954 2822 Guemine.
979 2783 1235 2822 Annotations
1256 2782 1305 2821 de
1334 2782 1426 2821 Mlle
1453 2785 1612 2832 Dupont
1634 2782 1656 2818 ὲ

243 2857 314 2883 5011
335 2843 482 2883 (edition
497 2843 546 2882 de
564 2843 794 2893 Commines,
812 2851 840 2882 t.
862 2845 917 2891 11,
939 2856 980 2894 p.
1001 2844 1068 2881 29.
