2054 3470
439 320 516 356 226
796 316 1137 354 HISTORIARUM
1162 315 1397 352 LUDOVICI
1423 315 1480 351 XI

444 404 690 453 molimina
725 419 828 467 quae
866 418 951 466 per
990 405 1278 449 Francorum
1309 419 1466 465 regem
1505 411 1553 448 et
1585 401 1717 448 illum
1750 401 1845 448 sin-

438 499 601 530 cerum
645 491 699 528 et-
735 479 1021 542 singularem
1066 480 1271 525 amicum
1319 496 1480 535 suum,
1529 478 1751 526 comitem
1783 478 1844 524 de

443 565 510 609 W
509 560 684 622 arviclz,
706 560 930 605 adversus
954 555 1252 616 Edoardum,
1279 558 1533 620 Anglorum
1557 573 1742 620 regem,
1768 573 1844 602 so-

439 639 623 686 rorium
657 653 821 694 suum,
855 652 944 681 nec
974 635 1131 681 minus
1161 645 1327 681 contra
1362 635 1665 699 semetipsum
1699 644 1846 680 strue-

441 715 631 774 bantur,
672 713 894 776 cogitavit
923 722 998 772 ut,
1030 713 1068 758 si
1098 722 1280 776 posset,
1307 721 1503 759 conatus
1528 711 1652 758 illius
1679 709 1847 775 perfidi

438 791 743 855 interciperet
776 798 918 852 atque
955 789 1236 853 impediret,
1274 789 1349 836 vel
1383 805 1492 836 eum
1526 788 1670 835 classe
1702 804 1848 852 quam

438 867 648 915 habebat
687 865 938 931 spoliando
958 902 971 927 ,
1018 883 1099 913 seu
1144 883 1248 913 eam
1288 866 1544 913 cremando
1588 875 1670 912 aut
1706 866 1854 912 etiam*

442 944 761 1008 expugnando
800 952 847 989 et
868 959 1122 1006 congressu
1156 943 1309 990 navali
1331 942 1618 1007 superando.
1645 945 1700 988 Et
1722 942 1784 989 ad
1799 941 1849 988 id

436 1022 632 1086 quidem
653 1020 1049 1086 pertentandum,
1077 1021 1273 1068 classem
1298 1021 1518 1067 instruxit
1541 1020 1850 1083 quadraginta

436 1110 518 1146 aut
540 1099 882 1164 quinquaginta
897 1098 1091 1144 navium
1115 1099 1385 1160 electarum,
1409 1113 1627 1160 quarum,
1649 1114 1760 1144 cum
1778 1113 1851 1143 ar-

437 1178 526 1223 mis
561 1193 616 1223 ac
649 1176 761 1222 viris
799 1176 1073 1238 caeterisque
1111 1176 1385 1222 necessariis
1423 1175 1566 1221 rebus
1598 1173 1850 1238 &magnifice

439 1257 636 1303 fuissent
656 1254 910 1313 instructae,
938 1253 1163 1300 ducatum
1188 1253 1424 1300 commisit
1446 1252 1704 1299 clarissimo
1726 1252 1848 1308 viro,

437 1333 607 1381 talium
641 1349 802 1379 rerum
837 1330 1176 1395 navaliumque
1213 1331 1572 1396 expeditionum
1608 1330 1698 1392 (uti
1730 1328 1853 1375 sama

438 1410 696 1473 ferebatur)
734 1409 845 1456 satis
883 1409 1066 1472 egregie
1101 1409 1255 1474 perito
1291 1419 1337 1455 et
1370 1409 1626 1468 instructo,
1652 1406 1852 1453 domino

444 1488 505 1535 de
533 1487 664 1534 Veris
681 1523 693 1548 ,
722 1485 1006 1532 Zelandrino
1020 1491 1047 1531 ¹.

510 1569 627 1623 Quae
667 1580 741 1610 res
778 1579 890 1609 cum
945 1579 1033 1609 nec
1068 1565 1358 1609 Francorum
1382 1579 1566 1625 regem,
1603 1579 1692 1609 nec
1721 1562 1855 1608 illum

446 1642 545 1690 doli
579 1640 812 1704 insignem
846 1639 1155 1686 architectum
1187 1640 1412 1687 Warviclz
1445 1641 1629 1699 lateret,
1661 1655 1857 1703 operam

449 1718 685 1766 dederunt
719 1727 771 1763 ut
798 1733 893 1763 suae
923 1716 984 1763 ad
1013 1716 1119 1763 loca
1149 1726 1247 1763 tuta
1277 1726 1324 1762 et
1356 1703 1667 1763 commodos²
1689 1726 1856 1780 portus

450 1797 675 1859 sinusque
708 1811 852 1841 naves
880 1794 1167 1852 locarentur,
1207 1794 1272 1840 sic
1305 1794 1437 1857 quod
1468 1794 1601 1840 facile
1632 1793 1856 1840 incendio

451 1873 696 1931 consumi,
724 1873 796 1918 vel
819 1887 847 1918 a
873 1870 1290 1934 Burgundionibus
1305 1870 1511 1916 abstrahi
1529 1880 1670 1933 atque
1683 1869 1866 1921 abduci,

453 1966 551 1996 non
582 1959 792 2013 possent.
830 1948 1026 2011 Collegit
1052 1948 1194 1994 etiam
1225 1951 1514 1993 Francorum
1533 1963 1614 1993 rex
1636 1963 1857 2010 magnam

454 2026 669 2090 equitum
715 2025 1026 2090 peditumque
1068 2023 1417 2071 multitudinem
1438 2061 1450 2082 ,
1498 2040 1619 2087 quos
1669 2023 1857 2071 francos
1926 2018 1930 2022 ’

455 2103 718 2167 sagittarios
754 2101 1021 2166 appellant,
1063 2101 1236 2165 quibus
1279 2110 1444 2165 portus
1476 2109 1617 2165 atque
1650 2117 1859 2148 recessus

453 2187 504 2232 in
539 2182 713 2247 quibus
745 2198 888 2228 naves
925 2182 1198 2245 hujusmodi
1224 2172 1562 2246 repausabant,
1596 2180 1656 2227 ad
1683 2198 1760 2228 eas
1785 2191 1859 2228 tu·

457 2260 650 2318 tandas,
676 2259 915 2323 vicinique
938 2259 1037 2322 agri
1062 2259 1374 2323 replerentur.
1419 2262 1637 2316 Quorum
1675 2258 1859 2305 accolas

456 2337 587 2384 dictu
624 2352 724 2382 non
756 2346 827 2382 est
858 2335 1008 2396 facile,
1035 2337 1248 2400 tam-ipsi
1275 2352 1420 2399 quam
1446 2334 1624 2398 Anglici
1651 2334 1858 2397 partium

453 2414 514 2462 de
539 2413 777 2474 Warvich,
810 2413 998 2476 quantis
1027 2413 1226 2476 injuriis,
1254 2412 1440 2461 damnis
1463 2423 1603 2475 atque
1623 2411 1764 2457 variis
1781 2426 1860 2458 ca-

451 2490 740 2539 lamitatibus
762 2484 1124 2556 compleverint.

515 2573 637 2618 Cum
674 2579 832 2617 autem
857 2569 1055 2616 classem
1074 2567 1378 2633 hujusmodi,
1403 2583 1534 2614 mare
1554 2564 1860 2632 pervagando

505 2745 523 2780 1
535 2772 543 2781 .
575 2740 698 2780 Henri
716 2721 766 2778 de
781 2722 955 2778 Borssele
968 2769 978 2788 ,
999 2737 1221 2787 zelandais,
1241 2736 1420 2790 seigneur
1437 2736 1485 2774 de
1501 2737 1707 2775 Ter-Vere.

503 2805 543 2845 2.
573 2807 629 2844 Le
645 2816 718 2842 ms.
737 2810 846 2855 porte
868 2806 998 2851 coites,
1023 2801 1090 2852 qui
1107 2800 1223 2840 serait
1239 2799 1506 2839 l'abriwiation
1523 2798 1573 2841 de
1590 2802 1753 2837 comites.
