2054 3470
379 298 402 334 8
743 293 1087 335 msTonlARtJM
1113 292 1351 332 LUDOVICI
1376 294 1433 331 XI

377 382 780 450 negotiationibus
811 382 1023 429 honestis
1059 398 1140 429 seu
1175 382 1271 428 suis
1310 381 1519 428 contenti
1559 381 1788 445 patrimo-

378 463 485 520 niis,
510 461 656 508 vitam
680 461 839 524 quiete
860 468 907 506 et
929 459 1198 522 tranquille,
1219 458 1399 523 absque
1416 458 1575 522 aliquo
1597 473 1790 523 prorsus

378 539 538 588 officio
565 529 776 604 publico,
798 537 1104 603 peregissent.
1127 537 1243 582 Mira
1271 537 1451 602 quippe
1474 536 1533 583 ad
1558 536 1638 583 illa
1665 535 1788 582 obti-

377 617 536 665 nenda
567 615 828 663 ambitione
859 614 1099 661 innumeri
1134 613 1229 660 fere
1262 613 1552 660 ferebantur.
1588 616 1792 660 Fuerant

380 710 587 758 namque
618 692 707 739 sub
736 707 844 755 rege
878 690 1103 737 defuncto
1128 706 1295 737 omnes
1315 707 1448 755 paene
1471 689 1683 737 officiarii
1706 706 1792 754 per

380 780 537 818 totum
560 785 759 834 regnum
784 767 1103 815 communiter
1136 767 1246 813 satis
1267 766 1398 814 ditati
1421 776 1468 813 et
1487 766 1786 831 locupletati,

380 848 534 895 laxata
570 846 773 893 nimium
808 844 962 909 (proh
996 843 1164 905 dolor)
1200 853 1342 907 atque
1375 844 1441 890 eis
1483 844 1709 909 permissa
1745 843 1790 889 in

381 941 616 991 pauperes
632 922 892 986 regnicolas
909 920 1151 987 praedandi
1172 931 1219 968 et
1235 922 1573 968 concussiones
1592 921 1794 969 faciendi

381 1002 586 1068 plurima
602 1000 831 1047 libertate.
853 1002 969 1056 Quae
987 1015 1061 1045 res
1078 997 1295 1045 affectum
1314 997 1520 1063 plurium
1540 997 1790 1054 alliciebat,

381 1090 485 1127 tum
519 1088 727 1143 quaestus
761 1086 863 1123 tum
895 1076 1095 1123 honoris
1127 1085 1269 1139 atque
1301 1075 1593 1123 auctoritatis
1617 1075 1790 1139 gratia,

383 1156 446 1204 ad
467 1154 743 1219 hujusmodi
774 1153 930 1200 officia
960 1152 1244 1218 appetenda.
1282 1154 1398 1209 Quae
1425 1152 1566 1199 etiam
1588 1153 1670 1217 qui
1688 1169 1794 1218 per-

385 1242 495 1281 ante
519 1232 799 1291 tenuissent,
829 1229 950 1278 adeo
975 1247 1023 1277 se
1052 1239 1304 1295 propterea
1326 1229 1386 1276 de
1406 1239 1527 1277 statu
1550 1246 1638 1277 suo
1671 1246 1794 1277 asse·

385 1320 601 1368 curatos,
629 1308 791 1373 quoad
813 1308 1051 1367 viverent,
1077 1317 1296 1372 reputare
1329 1307 1454 1354 soliti
1489 1316 1645 1367 erant,
1671 1323 1726 1354 ac
1758 1306 1795 1353 si

385 1387 504 1434 tanti
526 1402 697 1433 census
714 1385 860 1432 annui
884 1385 1172 1450 patrimonia
1192 1384 1525 1449 possedissent.

861 1608 1200 1655 CAPITULUM
1241 1610 1319 1654 111.

386 1739 578 1785 Quomodo
606 1740 672 1775 fuit
694 1740 813 1775 Remis
836 1741 1006 1776 inunctus
1025 1741 1063 1776 in
1089 1742 1226 1790 regem3
1259 1750 1293 1777 et
1315 1741 1361 1776 de
1387 1740 1620 1788 promissione
1641 1740 1799 1788 ejusdem

432 1792 477 1827 de
495 1792 714 1828 sublevando
731 1806 880 1840 regnum
904 1794 948 1828 ab
966 1795 1132 1829 oneribus
1156 1794 1331 1830 talliarum
1354 1803 1388 1828 et
1408 1793 1555 1828 aliarum
1578 1793 1799 1828 exactionum

435 1846 651 1880 currentium
666 1846 703 1880 in
718 1858 841 1892 regno.

456 1965 700 2029 Exsequiis
730 1965 888 2029 itaque
913 1982 1002 2030 pro
1029 1966 1174 2030 patris
1202 1966 1362 2028 obitu,
1389 1977 1441 2013 ut
1461 1966 1795 2032 praemisimus,

389 2042 607 2107 peractis,
626 2042 688 2089 ad
710 2041 881 2089 urbem
907 2044 1163 2089 Remorum
1181 2043 1444 2104 contendit,
1468 2059 1640 2106 magna
1660 2042 1800 2089 nobi-

389 2120 506 2168 lium
523 2118 752 2185 [caterva]
768 2130 863 2167 tam
881 2137 936 2166 ex
956 2121 1089 2166 terris
1103 2121 1498 2184 Burgundionum
1510 2120 1643 2167 ducis
1656 2137 1800 2184 quam

388 2198 531 2245 etiam
554 2196 614 2244 de
636 2213 802 2260 regno,
824 2197 974 2262 copiis
997 2196 1139 2243 etiam
1163 2198 1445 2245 militaribus
1471 2207 1518 2245 et
1548 2199 1802 2245 innumera

391 2291 526 2340 paene
544 2274 702 2321 officia
719 2274 1109 2338 prosequentium
1127 2275 1430 2321 multitudine
1448 2276 1713 2322 comitatus.
1735 2275 1802 2322 Ad

390 2367 535 2416 quam
562 2350 730 2397 urbem
755 2349 1012 2409 accedens,
1048 2350 1097 2396 in
1126 2351 1416 2397 monasterio
1453 2350 1803 2398 monachorum

393 2428 541 2475 sancti
564 2425 848 2473 Theodorici
866 2428 904 2484 ¹,
933 2436 1063 2473 extra
1088 2443 1252 2474 muros
1284 2427 1437 2486 urbis,
1463 2428 1619 2492 primo
1641 2428 1805 2493 hospi-

395 2513 517 2552 tatus
541 2503 643 2549 suit.
670 2505 724 2549 ln
746 2502 904 2566 vigilia
922 2512 1086 2558 ‚autem
1102 2504 1436 2568 assumptionis
1453 2507 1601 2551 Beatae
1620 2505 1774 2551 Mariae
1793 2506 1808 2528 ¹

396 2581 566 2630 urbem
596 2580 833 2643 ingressus
855 2588 938 2627 est.
968 2580 1184 2627 Crastino
1208 2581 1338 2628 enim
1361 2581 1462 2641 die,
1487 2581 1606 2629 festo
1632 2582 1807 2630 scilicet

452 2731 488 2768 1.
519 2726 713 2777 L’abbaye
732 2727 781 2765 de
802 2726 1105 2777 Saint-Thierry.

452 2793 492 2830 Ξ.
524 2791 574 2828 14
593 2789 685 2827 ιοὺι
702 2790 821 2826 1461.
