2054 3470
362 315 438 352 204
719 316 1061 355 HISTORIARUM
1084 319 1321 358 LUDOVICI
1348 321 1404 358 XI

799 520 969 567 CAPIT
972 523 1141 569 ULUM
1173 525 1337 570 XXIV.

543 655 595 689 De
609 656 868 703 expugnatione
883 665 987 703 atque
1001 656 1168 693 incendio
1185 657 1332 693 civitatis
1347 658 1550 694 Leodiensis
1563 660 1589 694 ¹.

427 777 603 823 Paratis
630 776 770 840 igitur
807 793 912 841 quae
943 778 1004 825 ad
1038 777 1232 826 urbium
1259 781 1658 844 expugnationem
1686 781 1775 829 ad-

360 854 514 918 parari
534 870 640 900 mos
664 863 749 913 est,
779 872 866 919 per
884 854 1094 903 diversas
1111 866 1266 920 partes
1289 857 1404 904 urbs
1424 859 1525 923 ipsa
1542 859 1774 908 Leodium

360 931 499 978 simul
517 930 689 978 eodem
709 942 921 996 tempore
938 943 1204 998 expugnata
1222 944 1290 981 est
1300 936 1328 981 ².
1353 937 1404 981 In
1427 952 1521 999 qua
1538 952 1775 1001 expugna-

360 1008 491 1054 tione
527 1024 626 1054 non
671 1008 875 1055 multum
907 1010 1084 1073 negotii
1118 1010 1229 1072 fuit,
1265 1027 1375 1058 cum
1416 1021 1464 1059 et
1491 1012 1691 1074 vallum,
1728 1024 1774 1061 et

359 1086 536 1132 moenia
565 1096 708 1149 atque
738 1096 890 1134 turres
926 1104 1031 1151 quae
1057 1087 1250 1151 dejectae
1285 1098 1332 1136 et
1362 1088 1530 1136 dirutae
1562 1090 1770 1149 fuerant,

283 1203 291 1211 .
359 1162 518 1210 adhuc
554 1164 746 1209 nonnisi
776 1163 959 1211 exiliter
986 1174 1030 1212 et
1067 1165 1176 1211 satis
1213 1166 1383 1213 misere
1413 1166 1688 1225 instaurari,
1725 1168 1775 1214 in

359 1248 456 1286 tam
478 1249 611 1287 arcto
640 1241 869 1305 temporis
890 1242 1068 1306 spatio,
1095 1243 1377 1306 potuissent.
1411 1242 1549 1290 Unde
1577 1253 1625 1290 et
1652 1245 1778 1292 cives

360 1317 420 1364 de
445 1318 542 1364 suis
570 1318 750 1365 viribus
774 1335 829 1365 ac
852 1319 1146 1366 desendendi
1167 1320 1478 1382 possibilitate
1502 1336 1671 1385 parum
1695 1331 1778 1369 aut

359 1395 479 1444 nihil
511 1396 829 1456 confidentes,
862 1398 1103 1445 modicam
1131 1399 1446 1446 resistentiam
1468 1398 1773 1462 objecerunt3

359 1473 443 1520 sed
475 1490 646 1521 aurum
666 1484 807 1539 atque
830 1485 1081 1539 argentum
1108 1492 1194 1522 seu
1217 1475 1350 1539 quod
1375 1475 1510 1523 facile
1538 1477 1777 1541 exportari

358 1567 496 1615 posse
515 1551 789 1615 putabatur,
812 1553 896 1615 qui
915 1562 1191 1617 potuerunt,
1212 1553 1465 1617 rapientes,
1491 1567 1577 1617 per
1595 1563 1777 1600 turmas

358 1629 633 1676 transmisso
681 1629 879 1676 flumine
927 1633 1068 1678 Mosae
1116 1630 1401 1694 aufugerunt
1440 1640 1488 1678 et
1535 1631 1777 1680 montium

358 1715 501 1770 atque
533 1707 771 1771 sylvarum
801 1725 913 1755 cum
943 1708 1171 1755 uxoribus
1202 1718 1250 1755 et
1279 1708 1438 1755 liberis
1466 1698 1664 1756 'latibula
1692 1726 1777 1774 pe·-

359 1784 552 1832 tierunt.
959 1799 961 1801 ’

426 1863 493 1907 Ex
515 1861 590 1909 his
613 1872 791 1921 autem,
817 1864 900 1927 qui
923 1864 972 1910 in
996 1864 1262 1928 irruptione
1286 1862 1489 1910 militum
1509 1864 1557 1910 in
1581 1863 1771 1925 urbem,

359 1940 525 1986 armati
550 1940 731 1987 inventi
756 1951 888 2000 sunt,
918 1941 1138 1989 nonnulli
1166 1941 1270 1988 caesi
1294 1951 1426 1999 sunt;
1453 1940 1555 1998 alii,
1582 1941 1776 2004 abjectis

359 2017 524 2074 armis,
549 2018 624 2064 vel
655 2019 704 2064 in
729 2020 872 2065 sacris
894 2018 1142 2077 domibus,
1172 2018 1246 2064 vel
1271 2018 1416 2065 antris
1440 2028 1486 2065 et
1519 2018 1776 2082 specubus³

359 2110 459 2140 sese
495 2094 789 2156 occulentes,
827 2104 1086 2160 temperata
1122 2095 1294 2142 furoris
1328 2095 1525 2158 saevitia,
1571 2106 1777 2144 mortem
1836 2152 1838 2155 γ

359 2181 625 2219 evaserunt.
647 2175 859 2219 Fuerunt
874 2172 1020 2236 aliqui
1037 2173 1180 2219 etiam
1202 2173 1252 2219 in
1275 2173 1454 2219 flumen
1470 2173 1772 2238 praecipitati;

360 2249 582 2296 mulieres
605 2249 748 2296 etiam
772 2250 1036 2308 nonnullae,
1063 2250 1139 2296 vel
1164 2250 1307 2296 armis
1332 2250 1559 2307 inventae,
1586 2260 1640 2297 ut
1659 2250 1776 2298 fere·

360 2327 515 2385 batur,
552 2328 811 2387 instructae,
843 2329 918 2376 vel
950 2328 1122 2391 linguae
1150 2319 1353 2374 nimium
1381 2327 1667 2393 procacitate
1698 2336 1774 2375 tu-

361 2415 568 2464 mentes,
593 2406 643 2451 in
667 2406 770 2470 ipso
794 2406 1006 2468 ingressu
1032 2405 1179 2452 urbis.
1210 2409 1327 2463 Quae
1351 2415 1451 2453 tota
1474 2404 1701 2452 militibus
1724 2406 1774 2453 in

361 2482 678 2548 direptionem
702 2483 863 2530 relicta
886 2493 956 2530 est
981 2493 1028 2530 et
1051 2484 1279 2548 permissa
1295 2519 1307 2542 ‚
1333 2483 1450 2530 locis
1483 2483 1626 2531 sacris
1647 2484 1777 2549 prin-

414 2637 452 2673 1.
485 2633 663 2684 Chapitre
690 2633 822 2685 publie
838 2634 933 2673 dans
951 2635 1227 2685 l’Amplissima
1245 2638 1423 2683 collectio,
1444 2642 1472 2672 t.
1495 2637 1561 2684 IV,
1582 2634 1657 2672 col.
1679 2636 1772 2673 759.

415 2697 454 2733 2.
486 2698 539 2734 Le
559 2696 609 2732 30
627 2693 783 2732 octobre
802 2696 922 2732 1468.

418 2757 454 2792 3.
486 2757 559 2793 Les
581 2753 790 2806 faubourgs
809 2752 857 2792 de
878 2753 996 2807 Liege
1016 2754 1069 2792 du
1090 2754 1173 2792 cote
1197 2754 1248 2791 du
1267 2753 1366 2792 nord
1385 2761 1471 2791 sont
1490 2765 1538 2791 au
1560 2752 1689 2791 milieu
1709 2751 1776 2791 des

362 2813 534 2861 rochers,
556 2825 605 2851 en
622 2811 750 2864 pleine
768 2820 986 2864 montagne.
