2054 3470
410 317 487 356 182
777 317 1119 370 HISTORJARUM
1145 321 1383 360 LUDOVICI
1409 322 1466 359 XI

879 528 1218 575 CAPITULUM
1250 530 1351 575 XX.

403 663 457 697 De
475 660 607 696 foedere
628 661 796 709 copulato
820 660 914 696 inter
938 659 1167 705 Edoardum‚
1185 675 1305 710 regem
1327 663 1542 710 Anglorum,
1567 674 1602 700 et
1635 665 1828 714 Carolum,

451 714 580 750 ducem
596 713 826 762 Burgundiae,
844 714 906 760 qui
929 714 1088 761 ejusdem
1107 716 1198 763 regis
1219 729 1377 751 sororem
1398 717 1436 751 in
1459 718 1647 766 conjugem
1665 719 1826 768 accepit;

453 777 487 804 et
501 768 547 804 de
560 768 780 804 solemnitate
797 768 965 816 nuptialis
980 769 1187 807 festivitatis.

473 889 747 955 Repudiatis
774 889 917 953 igitur
946 889 1281 953 hujuscemodi
1311 892 1434 955 regis
1463 893 1707 955 amicitiiS‚
1738 911 1828 960 pro

405 968 578 1034 quibus
597 968 725 1034 apud
743 978 872 1028 eum,
894 977 941 1015 et
959 967 1038 1015 ille
1060 968 1271 1033 perfidus
1295 973 1366 1016 W
1362 970 1538 1029 arviclz,
1562 980 1609 1018 et
1626 971 1694 1018 illi
1713 973 1829 1037 regii

408 1053 622 1092 oratores
655 1043 883 1108 perplura
912 1052 1184 1104 suaserant,
1226 1043 1288 1108 ad
1322 1043 1652 1109 copulandum
1675 1045 1830 1095 foedus

407 1132 550 1188 atque
577 1122 806 1169 amicitias
834 1137 948 1168 cum
981 1120 1380 1185 Burgundionum
1415 1122 1538 1170 duce
1566 1123 1831 1189 Anglorum

408 1216 492 1248 rex
521 1200 737 1247 animum
763 1198 985 1246 intendit.
1013 1197 1231 1246 Habebat
1253 1199 1354 1264 ipse
1384 1203 1640 1260 sororem¹,
1675 1202 1831 1266 specie

407 1276 676 1341 elegantem
707 1275 1096 1340 moribusquae-et
1125 1275 1354 1340 pudicitia
1380 1276 1659 1326 decoratam
1687 1288 1831 1343 atque

409 1357 669 1403 ornatam².
710 1357 844 1401 Hanc
887 1370 999 1401 cum
1038 1353 1231 1401 illustris
1270 1354 1668 1418 Burgundionum
1705 1355 1830 1417 dux,

407 1433 568 1499 priore
600 1448 688 1479 sua
721 1432 926 1496 conjuge
957 1431 1155 1479 orbatus
1186 1431 1278 1495 (de
1305 1449 1402 1496 qua
1433 1432 1580 1480 filiam
1610 1435 1829 1493 unicam,

409 1527 515 1577 quae
539 1510 700 1557 adhuc
723 1519 960 1575 superstes
984 1518 1054 1556 est
1064 1511 1094 1568 ³,
1117 1509 1411 1572 sustulerat),
1437 1510 1500 1558 ab
1528 1511 1753 1559 Edoardo
1782 1512 1832 1559 in

411 1605 612 1636 uxorem
640 1589 893 1653 petiisset⁴‚
925 1604 1070 1652 quam
1097 1587 1210 1636 alibi
1233 1604 1291 1635 ea
1315 1597 1598 1654 tempestate
1619 1589 1835 1637 honora·

411 1665 552 1713 bilius
576 1664 765 1729 sibique
786 1664 946 1711 utilius
965 1664 1202 1711 collocare
1222 1680 1363 1730 posse
1382 1678 1483 1712 non
1501 1674 1692 1730 putaret
1708 1703 1719 1724 ,
1745 1665 1835 1713 sibi

409 1743 565 1792 libens
597 1744 646 1789 in
682 1743 940 1806 conjugem
969 1742 1128 1802 dedit3
1167 1754 1596 1809 percusseruntque
1627 1745 1835 1810 invicem

410 1821 566 1869 foedus
581 1820 671 1870 sub
685 1821 823 1867 certis
839 1820 1144 1885 pactionibus
1157 1830 1205 1867 et
1218 1821 1442 1884 legibus⁵‚
1455 1821 1588 1883 quod
1602 1820 1834 1868 hactenus

414 1899 540 1947 ultro
574 1899 791 1962 citroque
825 1898 1159 1945 intemeratum
1186 1897 1565 1961 inviolatumque
1594 1913 1622 1944 a
1647 1899 1833 1945 cunctis

414 1977 640 2025 asseritur
660 1975 1015 2041 permansisse⁶.

480 2057 650 2101 Factus
679 2053 823 2116 igitur
851 2050 1073 2099 desiderii
1105 2052 1177 2098 sui
1208 2067 1408 2117 compos
1443 2051 1836 2115 Burgundionum

415 2133 513 2181 dux
531 2167 543 2191 ,
584 2129 1035 2196 periculosissimam
1068 2127 1158 2175 sibi
1192 2138 1239 2175 et
1273 2129 1444 2176 merito
1479 2128 1834 2177 formidabilem

468 2290 509 2329 1.
537 2284 773 2338 Marguerite
789 2283 949 2323 d'York.

469 2351 510 2389 2.
541 2340 660 2399 Eloge
685 2345 752 2396 qui
777 2356 828 2383 ne
851 2342 1046 2382 s’accorde
1065 2356 1133 2396 pas
1151 2355 1247 2382 avec
1272 2355 1326 2382 un
1351 2353 1431 2383 mot
1451 2342 1499 2382 de
1519 2343 1676 2382 Charles
1702 2343 1741 2382 le
1758 2342 1835 2382 Τό-

417 2407 598 2457 meraire,
617 2406 800 2458 rapporte
819 2404 971 2456 d’apres
991 2417 1067 2443 une
1085 2404 1299 2455 chronique
1317 2404 1461 2443 inedite
1480 2403 1576 2442 dans
1595 2403 1634 2442 la
1649 2402 1833 2442 Biblioth.

417 2469 467 2517 de
484 2460 629 2506 l’F'lcole
649 2467 716 2505 des
734 2466 912 2516 Chanes,
932 2474 960 2503 t.
981 2467 1000 2503 I
1019 2467 1075 2514 (4⁰
1094 2464 1230 2515 serie),
1250 2478 1290 2517 p.
1313 2467 1406 2504 241.

472 2529 512 2566 3.
540 2525 662 2565 Marie
680 2525 730 2564 de
747 2528 992 2577 Bourgogne.

472 2591 513 2630 4.
539 2591 645 2628 Cette
667 2587 856 2627 demande
880 2599 930 2625 en
947 2584 1117 2637 mariage
1136 2583 1341 2623 remontait
1360 2585 1382 2622 a
1401 2583 1478 2622 l’an
1498 2585 1619 2633 1466,
1640 2591 1679 2622 et
1695 2583 1754 2622 les
1770 2595 1836 2621 ac·

417 2651 532 2692 cords
553 2650 727 2690 auraient
744 2663 795 2689 eu
815 2649 894 2688 lieu
914 2648 981 2687 des
998 2661 1042 2686 ce
1063 2655 1253 2695 moment,
1273 2660 1359 2686 sans
1377 2646 1626 2700 l'opposition
1644 2645 1698 2684 du
1712 2653 1837 2684 comte

419 2711 468 2750 de
485 2710 689 2750 Warwick.
711 2713 863 2750 Contin.
883 2712 986 2747 Hist.
1007 2709 1230 2756 Croylaszd„
1251 2709 1344 2748 551.

474 2774 513 2810 5.
537 2773 589 2810 15
606 2770 733 2820 juillet
752 2771 870 2808 1467.
896 2771 1055 2820 Rymer,
1075 2769 1259 2816 Foedera,
1278 2776 1370 2814 etc.,
1391 2776 1418 2806 t.
1443 2770 1523 2815 XI,
1545 2781 1584 2819 p.
1609 2767 1701 2805 580.

473 2834 512 2870 6.
543 2829 727 2870 L’auteur
745 2828 905 2867 ecrivait
921 2830 1003 2867 cela
1025 2840 1075 2867 en
1093 2829 1212 2867 1473.
