2054 3470
388 341 464 379 160
750 341 1096 380 HISTORIARUM
1122 342 1360 381 LUDOVICI
1386 344 1443 381 XI

386 431 778 477 Normannorum
807 429 927 492 dux,
960 429 1203 478 mandavit
1233 432 1300 479 eis
1330 442 1404 491 ut,
1436 449 1582 497 quam
1615 434 1808 499 optimis

385 506 689 571 pactionibus
707 518 925 574 possent,
952 508 1162 556 facerent
1179 508 1492 557 deditionem.
1518 509 1664 568 Quod
1682 511 1808 559 simi-

385 583 491 632 liter
519 584 702 633 civibus
732 586 829 634 suis
862 585 1352 651 Rothomagensibus,
1387 604 1511 653 quos
1540 604 1592 636 se
1614 587 1810 638 videbat

385 663 613 712 adversus
639 665 906 731 potentiam
928 665 1050 729 regis
1078 666 1222 713 tutari
1248 682 1350 713 non
1381 683 1546 732 posse,
1581 675 1629 714 et
1656 683 1804 731 quos,

384 741 458 788 sui
485 758 650 801 causa,
678 744 728 790 in
758 742 1036 808 periculosae
1064 753 1112 791 et
1138 745 1205 791 eis
1232 745 1406 792 merito
1435 745 1703 794 metuendae
1726 762 1806 795 ca·

381 817 607 868 lamitatis
634 821 892 869 discrimen
925 822 1099 887 exponi
1131 839 1228 869 non
1256 822 1450 871 volebat
1478 823 1614 887 (licet
1637 824 1728 889 ipsi
1748 841 1806 873 ex

383 913 561 963 magno
601 915 699 963 quo
731 898 791 948 ad
830 899 987 964 ipsum
1024 898 1355 948 afficiebantur
1393 917 1583 963 amore,
1622 901 1674 949 id
1703 918 1804 949 non

383 974 614 1039 facturos,
644 976 728 1024 sed
757 986 967 1026 extrema
990 978 1154 1026 omnia
1174 978 1388 1044 pericula
1414 997 1464 1028 se
1492 981 1653 1046 potius
1676 981 1807 1029 subi-

382 1055 516 1101 turos
536 1055 929 1120 proclamarent),
946 1065 1000 1102 ut
1017 1055 1226 1127 facerent
1243 1058 1498 1106 consilium
1515 1057 1670 1106 dedit:
1689 1075 1805 1125 prae-

381 1132 562 1197 cipiens
580 1143 633 1181 ut
649 1133 712 1181 ad
729 1150 891 1199 regem
908 1134 1167 1201 mitterent,
1190 1145 1238 1182 et
1252 1134 1554 1184 conditiones
1570 1137 1805 1202 accipien-

380 1220 475 1271 teS‚
502 1221 682 1276 quanto
705 1213 917 1278 potiores
946 1221 994 1260 et
1020 1212 1111 1260 sihi
1135 1213 1348 1262 utiliores
1371 1215 1557 1281 assequi
1580 1225 1798 1280 possent,

379 1286 469 1334 sibi
493 1293 753 1354 parerent¹.
1627 1340 1629 1346 .

442 1366 563 1410 Tum
585 1363 749 1412 videre
772 1373 873 1412 erat
897 1365 947 1411 in
971 1364 1142 1412 eadem
1163 1364 1343 1430 inclyta
1365 1365 1486 1414 urbe
1507 1365 1804 1415 lamentabi-

376 1440 473 1488 lem
496 1451 545 1488 et
567 1440 839 1490 luctuosam
866 1442 1037 1490 faciem
1068 1459 1232 1490 rerum
1258 1461 1269 1489 ε
1295 1460 1411 1492 nam
1435 1443 1555 1492 alios
1577 1444 1628 1491 in
1653 1443 1802 1509 ejula·

377 1527 480 1566 tum
502 1529 551 1567 et
570 1520 804 1586 lacrymas
826 1537 1096 1587 erumpere,
1122 1538 1223 1569 non
1247 1531 1346 1570 tam
1366 1522 1432 1570 ob
1453 1539 1591 1570 suam
1611 1511 1802 1571 calami·

375 1607 546 1657 tatem,
573 1616 721 1665 quam
743 1600 808 1647 ob
829 1601 904 1648 sui
927 1600 1243 1648 amantissimi
1270 1599 1407 1648 ducis
1426 1617 1454 1649 a
1471 1617 1522 1649 se
1540 1600 1802 1648 discessum

376 1677 707 1727 miserandum
730 1689 779 1727 et
800 1679 1180 1740 lamentabilem;
1205 1679 1325 1728 alios
1351 1683 1509 1728 Deum
1531 1689 1579 1728 et
1599 1681 1800 1728 Sanctos

375 1754 603 1805 obtestari
625 1774 681 1806 ac
703 1757 974 1818 obsecrare,
1001 1757 1298 1824 supplicibus
1315 1760 1440 1806 votis
1469 1768 1518 1806 et
1544 1758 1800 1822 gemitibus

374 1833 600 1882 adversus
621 1852 784 1899 regem
806 1836 1053 1895 invocare3
1083 1852 1251 1883 omnes
1274 1835 1376 1899 ejus
1393 1834 1666 1901 perfidiam,
1694 1851 1799 1900 per-

367 1909 510 1972 juria,
531 1913 799 1978 impietates
817 1913 1041 1960 detestari
1058 1922 1106 1960 et
1123 1913 1173 1959 in
1193 1912 1604 1960 abominationem
1619 1911 1798 1960 habere

374 1998 517 2054 atque
547 1991 750 2052 ducere,
789 1991 871 2056 qui
903 2000 1073 2038 contra
1105 1990 1253 2038 fidem
1285 2000 1334 2037 et
1365 2000 1660 2038 sacramenta
1687 2007 1715 2038 a
1747 2007 1798 2038 se

373 2075 471 2114 tam
485 2069 762 2116 solemniter
774 2069 996 2133 praestita,
1014 2084 1243 2133 germano
1266 2084 1355 2115 suo
1378 2068 1522 2115 unico
1542 2069 1796 2134 proprium

372 2145 579 2193 auferret
599 2146 947 2211 patrimonium
965 2183 976 2203 ‚
999 2145 1133 2210 quod
1151 2147 1295 2193 etiam
1311 2163 1338 2193 a
1355 2147 1605 2194 communi
1622 2147 1796 2194 utrius-

373 2239 467 2287 que
488 2234 685 2288 parente
707 2222 797 2270 sihi
819 2223 1112 2271 destinatum
1135 2223 1518 2289 dispositumque
1541 2223 1709 2272 fuerat.

438 2301 533 2348 Sed
554 2301 674 2348 nihil
698 2301 871 2350 talibus
895 2301 1308 2349 obsecrationibus
1327 2312 1373 2350 et
1390 2301 1794 2350 exsecrationibus

372 2395 463 2444 pro
477 2388 594 2426 tunc
610 2378 981 2444 suffragantibus
998 2380 1082 2441 eis,
1102 2381 1356 2428 necessitas
1372 2380 1463 2446 ipsi
1479 2379 1591 2428 duci
1607 2380 1792 2446 optimo

372 2455 591 2504 incubuit
615 2466 691 2518 ut,
716 2457 955 2522 securitati
976 2458 1082 2505 vitae
1113 2474 1209 2504 suae
1243 2458 1522 2519 consulens,
1550 2473 1580 2504 a
1604 2457 1792 2504 civitate

373 2533 674 2598 abscederet,
704 2545 847 2600 atque
873 2534 966 2583 alio
997 2551 1046 2582 se
1070 2535 1362 2582 transferret.
1389 2534 1551 2592 Unde,
1579 2551 1691 2582 cum
1713 2534 1792 2582 illa

374 2611 649 2661 militarium
671 2630 837 2675 manu,
859 2630 1005 2679 quam
1028 2613 1186 2661 adhuc
1202 2630 1350 2679 penes
1367 2629 1418 2660 se
1438 2611 1665 2675 habebat,
1693 2622 1791 2660 tam

428 2744 448 2780 1
457 2773 469 2783 .
498 2742 592 2781 Voir
607 2742 645 2781 le
662 2741 834 2781 discours
851 2750 945 2781 tenu
959 2755 1031 2794 par
1044 2742 1162 2781 Louis
1180 2744 1239 2780 XI
1250 2754 1328 2781 aux
1338 2740 1558 2780 Rouennais
1571 2739 1639 2792 qui
1650 2738 1791 2778 etaient

372 2814 498 2841 venus
514 2802 647 2842 traiter
663 2815 757 2841 avec
774 2802 830 2840 lui
847 2804 868 2840 ὲ
884 2801 1251 2851 Pont-de-I’Arche,
1269 2802 1306 2841 le
1325 2802 1376 2840 13
1391 2801 1546 2851 janvier
1563 2801 1682 2840 1466.
1704 2801 1790 2837 Do-

372 2871 548 2902 cuments
563 2862 718 2913 inedia,
742 2865 954 2914 Μέὶαηςες,
976 2872 1003 2901 t.
1026 2865 1078 2911 Π,
1100 2877 1140 2915 p.
1164 2865 1257 2901 419.
1552 2881 1556 2886 ·
