2054 3470
836 340 982 377 LIBER
1007 338 1205 376 PRIMUS.
1705 335 1727 371 9

321 432 533 499 ejusdem
557 428 909 494 assumptionis,
934 427 982 473 in
1010 425 1206 473 ecclesia
1225 423 1426 486 majori,
1454 432 1563 469 ante
1584 422 1729 470 altare

322 511 488 575 majus,
509 525 596 574 per
615 506 814 554 civitatis
848 503 1063 568 ejusdem
1092 501 1506 566 archiepiscopum
1528 501 1558 558 ¹,
1586 500 1731 564 pluri-

322 588 412 636 bus
433 583 722 651 principibus
742 591 788 629 et
810 580 1034 639 dominis,
1062 579 1267 626 maxime
1294 577 1355 624 de
1385 576 1519 624 terris
1541 586 1587 623 et
1610 577 1734 623 ami-

324 666 431 714 citia
451 663 586 711 ducis
606 659 1001 724 Burgundionum
1023 693 1035 715 ,
1077 656 1334 720 multisque
1358 654 1501 701 etiam
1530 653 1732 718 praelatis

323 742 455 807 regni
486 737 798 806 praesentibus
831 746 974 801 atque
1010 733 1362 792 assistentibus,
1400 732 1447 778 in
1479 748 1638 795 regem
1673 730 1732 776 de

324 834 457 866 more
489 816 660 863 exstitit
690 816 916 862 inunctus
944 822 989 860 et
1020 821 1247 860 sacratus.
1287 813 1503 872 Cumque
1537 808 1734 855 sollicite

323 895 490 943 clausae
508 893 831 956 obserataeque
864 889 1077 954 ejusdem
1112 887 1318 936 ecclesiae
1354 886 1476 933 sores
1514 894 1560 932 et
1580 885 1735 932 aditus

324 972 512 1036 singuli,
537 969 754 1017 custodia
776 967 1006 1026 adhibita,
1034 966 1206 1013 muniti
1229 964 1446 1022 fuissent,
1467 980 1550 1023 ne,
1577 962 1735 1009 nimiae

325 1047 614 1096 multitudini
636 1047 848 1110 ingressu
868 1043 1114 1110 permisso,
1139 1041 1432 1108 populorum
1451 1039 1736 1104 constipatio

325 1125 652 1174 inordinabilis
683 1133 731 1170 et
765 1122 904 1170 valde
937 1120 1205 1186 periculosa
1238 1118 1514 1182 contingere
1550 1125 1733 1181 posset,

327 1213 375 1250 et
398 1219 483 1267 per
496 1200 591 1248 hoc
613 1216 840 1247 numerus
862 1199 1133 1255 hominum,
1156 1196 1238 1260 qui
1254 1194 1508 1242 intromissi
1531 1193 1734 1251 fuerant,

328 1280 438 1327 satis
471 1278 744 1326 moderatus
774 1277 894 1324 soret
913 1315 925 1337 ,
968 1286 1015 1323 et
1049 1291 1191 1340 quem
1235 1272 1450 1339 profecto
1488 1271 1622 1318 tertia
1662 1271 1738 1318 vel

329 1366 496 1422 quarta
523 1372 632 1421 pars
663 1355 798 1402 chori
827 1355 937 1401 satis
967 1353 1115 1400 libere
1143 1367 1313 1416 capere
1338 1358 1546 1415 poterat,
1579 1357 1738 1396 tamen

329 1451 481 1499 prope
502 1433 647 1480 altare
662 1433 832 1496 majuS,
858 1431 941 1479 ubi
959 1446 1091 1478 sacra
1105 1428 1297 1485 fiebant,
1316 1437 1446 1475 tanta
1454 1427 1738 1491 constipatio

331 1527 387 1558 ex
411 1509 687 1557 militaribus
709 1518 756 1556 et
778 1509 879 1556 aliis
901 1507 985 1572 qui
1005 1506 1099 1553 illic
1122 1505 1340 1566 aderant,
1366 1513 1412 1551 et
1434 1513 1532 1550 tam
1555 1503 1740 1549 inordi-

333 1596 442 1634 nata
467 1587 757 1650 compressio
792 1584 904 1641 fuit,
943 1592 997 1630 ut
1031 1583 1109 1629 vix
1135 1581 1337 1647 praelatis
1359 1618 1370 1640 ‚
1409 1580 1492 1645 qui
1522 1579 1742 1626 Remensi

334 1663 691 1728 archiepiscopo
715 1663 764 1709 in
795 1677 930 1709 sacro
955 1659 1115 1707 officio
1138 1658 1520 1724 cooperabantur
1540 1673 1623 1704 seu
1650 1657 1744 1704 mi·-

334 1739 596 1786 nistrabant
631 1740 704 1786 vel
743 1738 1039 1793 assistebant,
1082 1737 1217 1784 locus
1251 1736 1300 1782 in
1335 1751 1433 1800 quo
1466 1752 1516 1782 se
1550 1751 1749 1782 movere

333 1825 526 1882 possent
555 1816 915 1880 relinqueretur.
947 1813 1039 1861 Sed
1073 1830 1160 1860 nec
1182 1812 1475 1878 principibus
1498 1812 1611 1877 ipsis
1633 1829 1745 1877 prae-

333 1893 531 1958 latisque
549 1893 669 1954 aliis,
693 1893 774 1957 qui
796 1892 890 1939 illic
913 1907 1064 1956 prope
1086 1890 1334 1938 adstabant
1366 1899 1413 1936 et
1435 1889 1609 1954 quibus
1630 1906 1743 1955 pro-

333 1971 447 2035 priae
469 1970 604 2017 sedes
623 1970 810 2016 fuerant
821 1968 1075 2033 dispositae,
1096 1967 1333 2033 parcitum
1355 1966 1458 2025 fuit,
1478 1966 1591 2030 quin
1610 1965 1746 2013 multi

336 2048 537 2112 graviter
560 2057 604 2094 et
627 2046 824 2093 moleste
843 2062 870 2093 a
892 2045 1042 2092 turbis
1072 2045 1347 2092 militarium
1377 2053 1423 2091 et
1446 2043 1647 2091 aliorum
1671 2045 1743 2091 in-

336 2124 458 2172 f1mae
478 2125 618 2172 sortis
640 2133 984 2189 premerentur.

402 2205 656 2266 Postquam
680 2211 836 2248 autem
860 2210 1015 2247 totum
1033 2174 1401 2246 consecrationis
1422 2196 1634 2245 officium
1663 2196 1745 2244 ab·

340 2280 546 2326 solutum
562 2279 666 2337 fuit,
684 2277 821 2325 multi
833 2277 1065 2324 nobilium
1083 2276 1143 2341 de
1157 2276 1352 2323 diversis
1364 2277 1495 2339 regni
1511 2291 1596 2339 par
1599 2274 1747 2334 tibus,

341 2356 418 2403 alii
434 2373 595 2404 coram
618 2373 744 2419 rege,
767 2355 845 2402 alii
858 2371 1020 2402 coram
1040 2337 1160 2401 duce
1175 2353 1583 2417 Burgundionum,
1606 2368 1748 2417 supra

343 2449 495 2496 genua
517 2432 901 2499 procumbentes,
930 2447 1029 2478 sese
1052 2439 1448 2496 repraesentarunt
1463 2467 1475 2488 ,
1500 2440 1553 2476 ut
1576 2428 1749 2476 militiae

342 2509 573 2557 honorem
606 2510 900 2574 gradumque
933 2517 1295 2571 assequerentur
1326 2509 1356 2554 ².
1395 2510 1529 2565 Quos
1571 2515 1747 2553 attactu

346 2587 435 2634 levi
465 2587 606 2651 gladii
643 2587 702 2634 ad
743 2587 920 2634 collum
960 2585 1130 2632 milites
1169 2584 1418 2644 creabant;
1456 2585 1537 2647 qui
1575 2599 1749 2646 magno

403 2724 420 2759 1
431 2751 440 2760 .
470 2724 563 2761 Jean
580 2721 767 2761 Jouvenel
788 2721 855 2759 des
872 2720 1023 2761 Ursins.

404 2781 451 2820 2.⁴
472 2780 685 2820 Chastelain
718 2789 756 2819 et
787 2783 949 2831 Jacques
981 2780 1173 2832 Duclercq
1204 2790 1404 2820 nomment
1437 2782 1492 2819 les
1524 2778 1752 2832 principaux

353 2838 563 2878 chevaliers
579 2839 684 2878 crees
702 2853 752 2878 au
769 2852 875 2879 sacre
895 2839 943 2877 de
964 2838 1081 2877 Louis
1099 2841 1172 2878 XI.
