2054 3470
462 409 540 447 148
732 413 736 417 '
830 405 1174 445 HISTORIARUM
1201 408 1441 446 LUDOVICI
1466 409 1525 445 XI

461 495 817 564 exspectabant,
844 511 990 559 quam
1005 494 1067 542 ab
1085 494 1207 543 duce
1229 499 1616 544 Normannorum
1635 503 1880 550 consecuti

461 575 709 638 fuissent),
736 573 865 621 misit
885 573 1012 620 illico
1033 573 1094 620 ad
1116 590 1276 637 regem
1299 574 1535 637 quosdam
1556 575 1878 640 iniquissimos

459 654 589 701 viros
611 652 672 700 ad
694 650 1036 699 insinuandum
1062 650 1152 698 sibi
1177 651 1455 714 hujusmodi
1487 652 1761 718 principum
1785 654 1877 702 dis-

458 731 741 779 cessionem.
780 727 857 776 Ob
894 744 1038 792 quam
1077 728 1294 793 profecto
1311 766 1323 790 ,
1361 729 1533 776 accolis
1570 732 1875 780 Normanniae

455 807 556 855 dies
577 807 654 855 ille
678 806 822 853 festus
850 805 899 851 in
923 820 1149 869 magnum
1171 805 1354 853 luctum
1373 816 1443 854 est
1463 823 1724 855 conversus
1745 827 1756 855 :
1790 809 1874 873 qui

452 895 619 951 postea
637 893 834 950 propter
851 882 963 944 hoc,
986 899 1097 930 cum
1115 883 1296 946 ingenti
1318 885 1583 932 vastatione
1617 895 1664 932 et
1691 885 1870 934 damno

450 964 595 1010 totius
613 962 793 1027 patriae,
813 960 993 1025 experti
1008 970 1119 1007 sunt
1136 976 1281 1024 quam
1297 978 1464 1008 verum
1481 962 1540 1016 sit
1557 962 1691 1026 quod
1708 962 1870 1012 divina

446 1039 795 1104 prophetarum
824 1036 1019 1085 oracula
1053 1037 1330 1084 cecinerunt
1356 1055 1366 1084 ε
1398 1058 1421 1081 ι(
1444 1038 1599 1086 Nolite
1625 1039 1868 1089 confidere
1910 1053 1916 1062 ⁸

444 1117 494 1164 in
531 1116 827 1183 principibus
863 1115 1058 1175 vestris;
1092 1135 1115 1158 »
1149 1125 1196 1162 et
1223 1115 1351 1163 aliud
1379 1134 1388 1162 :
1420 1138 1443 1160 «
1474 1117 1750 1166 Maledictus
1783 1120 1866 1183 qui

443 1195 648 1243 confidit
684 1195 734 1242 in
766 1193 963 1240 homine
1001 1202 1048 1240 et
1087 1194 1171 1258 qui
1204 1194 1342 1259 ponit
1379 1211 1576 1242 carnem
1609 1195 1862 1245 brachium

441 1289 600 1320 suum.
627 1292 649 1317 »

505 1349 763 1415 Implentes
791 1350 921 1396 enim
954 1349 1169 1396 Britones
1198 1348 1265 1395 illi
1287 1348 1660 1396 ambitiosissimi
1685 1360 1734 1397 et
1756 1367 1863 1399 ava-

437 1428 610 1475 rissimi
632 1438 777 1492 atque
804 1425 1136 1492 perfidissimi,
1168 1425 1286 1473 illud
1313 1425 1449 1491 quod
1473 1426 1662 1491 sapiens
1689 1427 1740 1474 in
1763 1428 1860 1476 suis

434 1505 700 1571 proverbiis
731 1504 886 1567 inquit
908 1522 918 1550 ι
950 1524 973 1547 «
991 1504 1307 1550 Occasionem
1329 1503 1520 1568 quaerit,
1557 1504 1639 1568 qui
1663 1505 1766 1552 vult
1787 1522 1859 1553 re·-

432 1584 602 1631 cedere
618 1582 679 1631 ab
695 1582 850 1630 amico
863 1619 877 1642 ‚
903 1602 926 1625 >2
947 1591 1000 1629 ut
1018 1581 1356 1628 discessionem
1375 1591 1517 1646 atque
1532 1581 1858 1646 proditionem

430 1677 568 1708 suam
602 1660 765 1725 aliquo
796 1659 1062 1707 honestatis
1085 1657 1365 1723 obtegerent
1386 1658 1656 1706 velamento
1674 1696 1687 1721 ,
1723 1676 1857 1708 men-

429 1737 678 1785 dacissime
722 1736 1061 1785 confinxerunt
1103 1736 1235 1800 quod
1273 1737 1400 1784 cives
1447 1736 1855 1801 Rothomagenses

425 1817 819 1881 conspiraverant
847 1831 990 1862 suum
1016 1814 1251 1879 perimere
1271 1813 1444 1861 ducem
1465 1822 1609 1877 atque
1631 1830 1772 1875 suos,
1813 1816 1854 1862 si

425 1893 474 1940 in
500 1894 669 1942 urbem
693 1894 847 1959 ipsam
869 1892 1185 1951 introiissent;
1209 1890 1342 1954 quod
1362 1890 1543 1955 utique,
1570 1907 1671 1938 non
1699 1892 1851 1960 modo*

421 1973 618 2019 veritate
635 2007 648 2032 ,
675 1971 758 2019 sed
783 1971 928 2018 etiam
953 1969 1087 2016 omni
1110 1967 1518 2015 verisimilitudine
1539 1977 1683 2033 atque
1703 1986 1850 2035 appa-

420 2048 576 2095 rentia
598 2064 806 2095 vacuum
828 2062 932 2093 esse
949 2081 962 2106 ,
1003 2044 1138 2091 facile
1166 2042 1349 2108 liquere
1379 2043 1642 2108 unicuique
1669 2055 1842 2110 potest.

421 2124 684 2183 Quomodo
707 2124 837 2172 enim
871 2132 1032 2188 potest
1063 2122 1319 2169 verisimile
1354 2121 1495 2169 alicui
1526 2122 1679 2171 videri
1712 2124 1846 2188 quod

419 2203 710 2265 Normanni,
742 2203 827 2267 qui
855 2202 965 2248 satis
997 2216 1187 2264 graveS,
1221 2199 1398 2247 oculati
1432 2209 1479 2246 et
1513 2201 1844 2267 circumspecti

417 2300 518 2330 esse
540 2283 696 2330 solent
709 2319 722 2343 ,
746 2290 928 2328 tantam
949 2279 1121 2326 mentis
1138 2265 1483 2326 hebetudinem
1504 2279 1838 2340 incurrissent,

415 2368 469 2408 ut
493 2370 696 2419 tantum,
727 2359 909 2406 nedum
920 2356 1071 2421 pvelle,
1107 2356 1191 2403 sed
1211 2356 1287 2404 vel
1309 2357 1517 2420 cogitare
1538 2368 1760 2422 possent,
1788 2371 1841 2409 ut

412 2455 524 2486 eum
547 2438 813 2503 principem
839 2445 886 2482 et
907 2452 1019 2482 suos
1046 2444 1144 2481 tam
1177 2432 1359 2498 perfide
1382 2443 1429 2480 et
1452 2434 1554 2481 sine
1579 2434 1676 2483 ulla
1695 2452 1839 2486 causa

413 2515 709 2578 exstinguere
732 2524 779 2561 et
801 2513 1016 2578 perditos
1038 2512 1097 2558 iri
1118 2511 1403 2573 voluissent,
1436 2511 1483 2557 in
1520 2511 1694 2575 quibus
1724 2513 1836 2561 solis

412 2591 694 2640 mortalibus
723 2601 769 2639 et
804 2607 890 2656 per
917 2605 1040 2654 quos
1074 2604 1210 2653 spem
1246 2604 1342 2635 suae
1375 2589 1638 2637 securitatis
1657 2626 1670 2651 ‚
1707 2599 1834 2639 tran·
1859 2587 1862 2591 ’

410 2670 653 2736 quillitatis
686 2678 734 2716 et
771 2668 901 2733 pacis
939 2666 1198 2731 repositam
1232 2682 1332 2712 esse
1369 2682 1471 2712 non
1506 2666 1828 2730 ignorabant3

407 2759 455 2796 et
479 2747 681 2813 quibus,
706 2762 796 2812 pro
826 2743 1074 2793 beneficiis
1098 2744 1148 2789 in
1177 2759 1319 2789 suum
1350 2743 1534 2790 collatis
1562 2744 1829 2810 principem

406 2836 552 2889 atque
567 2822 931 2871 dilectissimum
946 2836 1003 2868 ac
1014 2818 1467 2867 desideratissimum
1483 2818 1673 2883 ducem,
1689 2821 1828 2869 valde

404 2919 454 2951 se
474 2901 626 2950 teneri
649 2900 884 2963 obligatos
907 2907 1050 2961 atque
1079 2895 1317 2943 obnoxios
1340 2895 1442 2943 fore
1466 2895 1819 2960 agnoscebant;
