2054 3470
403 339 477 377 352
764 342 1104 381 HISTORIARUM
1131 343 1369 391 Lnnovm
1397 345 1450 384 xi
1735 328 1752 350 ⁸

401 437 635 489 quantum
657 429 784 493 apud
808 447 918 477 eum
933 468 946 491 ,
974 440 1076 478 tum
1099 448 1153 479 ex
1178 431 1273 479 hoc
1289 469 1302 493 ,
1328 443 1430 480 tum
1454 450 1507 481 ex
1529 434 1631 482 aliis
1654 436 1811 484 multis

401 503 650 552 invaluerit
665 507 808 570 atque
822 508 1052 571 patuerit,
1077 525 1133 555 ex
1152 507 1225 555 his
1237 545 1252 568 ,
1275 527 1379 574 quae
1398 511 1520 558 infra
1534 511 1806 574 referemus,

399 579 686 630 luculentius
708 583 975 648 apparebit.

466 662 652 708 Interea
697 671 858 708 autem
903 664 1232 726 perseverabat
1274 666 1667 729 Burgundionum
1701 666 1812 714 *dux

400 746 511 786 ante
534 740 766 786 Nussiam.
791 739 885 786 Sed
906 756 1016 786 cum
1039 742 1298 806 imperator
1320 744 1587 806 agnovisset
1605 747 1814 791 *Franco-

401 834 509 864 rum
527 835 687 882 regem
712 820 978 867 e'Picardia
1002 822 1050 868 in
1074 824 1417 870 Normanniam
1438 825 1711 884 revertisse,
1743 825 1810 873 fa-

402 912 574 959 maque
597 913 708 942 eum
726 896 924 944 minime
944 898 1112 946 lateret
1133 900 1194 946 de
1212 917 1385 963 magno
1405 911 1636 966 apparatu
1655 903 1814 950 classis

403 983 450 1019 et
479 989 752 1034 armorum,
779 990 923 1036 quem
959 977 1217 1039 Anglorum
1254 994 1360 1038 rex,
1398 979 1468 1025 uti
1494 979 1728 1040 diximus,
1763 981 1809 1026 in

405 1051 567 1114 Anglia
589 1051 816 1112 faciebat,
843 1052 977 1115 cujus
999 1054 1213 1117 trajectio
1239 1067 1287 1102 et
1309 1056 1539 1104 adventus
1558 1058 1630 1105 ad
1653 1058 1812 1107 littora

402 1129 630 1192 gallicana
676 1130 880 1194 proximi
919 1131 1063 1178 futuri
1098 1133 1262 1180 dietim
1293 1133 1661 1198 nuntiabantur,
1699 1153 1812 1200 pro-

402 1205 568 1252 clivior
600 1206 890 1254 reddebatur
924 1207 987 1254 ad
1018 1225 1186 1273 pacem
1223 1226 1333 1256 cum
1369 1210 1491 1258 duce
1531 1212 1813 1274 Burgundiae

403 1284 754 1332 conciliandam
774 1322 784 1342 ,
810 1286 962 1332 sciens
986 1286 1119 1350 quod
1142 1287 1204 1334 ad
1226 1287 1478 1335 ferendum
1512 1289 1669 1336 eidem
1702 1289 1813 1336 duci

403 1360 631 1407 auxilium
655 1372 822 1408 contra
853 1379 964 1409 suos
995 1363 1156 1410 hostes
1186 1364 1465 1427 hujusmodi
1503 1366 1743 1430 expeditio
1767 1376 1814 1413 et

403 1438 560 1486 classis
587 1441 834 1503 anglicana
862 1440 1179 1505 parabantur,
1213 1459 1319 1506 quae
1346 1452 1476 1490 tanta
1506 1453 1699 1508 tamque
1728 1461 1814 1491 nu-

405 1533 592 1563 merosa
611 1527 657 1564 et
677 1527 850 1582 potens
872 1517 998 1565 fama
1021 1515 1278 1578 ferebatur,
1311 1529 1364 1566 ut
1392 1521 1563 1567 merito
1593 1520 1815 1568 formida-

403 1595 509 1642 bilis
528 1597 709 1643 cunctis
731 1596 949 1644 hostibus
969 1613 1069 1644 esse
1085 1597 1326 1644 videretur
1342 1617 1355 1659 3
1376 1599 1633 1662 conjiciens
1651 1599 1811 1660 etiam,

404 1674 443 1720 si
467 1674 564 1739 ipse
592 1674 851 1738 Anglorum
886 1664 966 1720 rex
1005 1675 1054 1721 in
1094 1675 1341 1722 Franciam
1372 1675 1650 1738 trajecisset,
1685 1685 1816 1724 tanta

404 1752 747 1816 impedimenta
769 1755 1062 1798 Francorum
1083 1753 1182 1817 regi
1205 1753 1305 1799 sore
1327 1754 1662 1818 praestiturum,
1682 1752 1814 1817 quod
1894 1746 1897 1749 ’

404 1828 466 1875 ab
489 1846 547 1876 eo
571 1840 739 1877 contra
761 1829 1156 1892 Burgundionum
1182 1830 1355 1877 ducem
1374 1830 1545 1878 auxilia
1560 1867 1572 1891 ,
1598 1846 1703 1894 quae
1729 1830 1815 1877 ha-

404 1905 617 1953 biturum
639 1923 689 1954 se
717 1905 1007 1967 confiderat,
1039 1908 1235 1954 minime
1262 1906 1438 1954 habere
1465 1916 1641 1970 posset.
1679 1909 1814 1954 Parte

406 1984 548 2030 etiam
570 2000 626 2031 ex
647 1983 755 2044 alia,
781 1984 1013 2047 quoniam
1038 1984 1162 2030 inter
1184 1983 1408 2030 eumdem
1437 1982 1608 2029 ducem
1632 1992 1679 2030 et
1700 2000 1815 2048 prae-

407 2059 556 2107 fatum
586 2060 846 2124 Anglornm
877 2077 1061 2124 regem,
1087 2061 1327 2107 sororium
1349 2077 1508 2122 suum,
1536 2060 1815 2108 condictum

406 2147 506 2183 erat
527 2138 682 2201 quod,
710 2154 855 2201 quam
874 2139 1084 2203 primum
1099 2138 1161 2185 ad
1178 2138 1405 2202 gallicana
1424 2139 1584 2186 littora
1606 2139 1815 2204 appulis-

407 2224 493 2275 set,
514 2214 602 2261 sibi
620 2214 816 2261 deberet
838 2215 933 2261 dux
957 2231 1206 2262 occurrere
1229 2216 1272 2262 ei
1291 2216 1488 2279 aliisque
1507 2215 1597 2262 sibi
1619 2216 1815 2264 soedera·

407 2290 485 2350 tis,
501 2305 623 2353 quos
644 2290 693 2335 in
711 2290 924 2348 Francia,
950 2290 1059 2337 licet
1075 2290 1139 2336 ob
1153 2299 1333 2336 metum
1351 2291 1473 2354 regis
1489 2289 1647 2337 adhuc
1669 2290 1815 2338 laten-

409 2377 477 2413 tes
497 2375 544 2413 et
561 2366 801 2425 occultos,
825 2366 1057 2426 habebat,
1090 2367 1256 2415 solatia
1277 2367 1574 2430 praebituruS,
1610 2368 1814 2416 multum

408 2443 707 2491 desiderabat
736 2453 782 2490 et
804 2444 1054 2491 affectabat
1075 2445 1175 2509 ipse
1199 2445 1295 2491 dux
1326 2462 1437 2491 cum
1460 2445 1816 2510 imperatoreet

409 2522 658 2567 Germanis
681 2521 831 2568 foedus
852 2531 1116 2585 percutere,
1137 2531 1189 2567 ut
1206 2521 1406 2568 honeste
1427 2537 1482 2569 ac
1497 2531 1601 2568 tuto
1620 2539 1676 2569 ex
1702 2525 1815 2569 Nus·

408 2599 476 2646 sia
498 2597 764 2658 discedens,
788 2598 981 2662 praefato
997 2599 1256 2661 Anglorum
1278 2598 1377 2661 regi
1395 2599 1584 2660 suisque
1609 2599 1709 2645 aliis
1737 2599 1815 2646 foe·

409 2675 598 2733 der-atis,
612 2691 731 2738 —quae
755 2676 1053 2739 promiserat,
1083 2675 1370 2722 observaret.
