2054 3470
470 300 547 337 276
831 301 1174 339 HISTORIARUM
1202 303 1437 340 LUDOVICI
1465 303 1521 338 XI

469 404 561 451 que
589 388 887 450 singulariter
919 388 1082 435 divino
1116 405 1315 436 munere
1338 399 1488 437 tutata
1510 401 1883 458 praeseryataque

468 463 644 511 fuisset.
672 467 724 513 ln
744 481 842 528 quo
859 466 1003 512 etiam
1023 476 1220 530 apparet
1242 482 1386 529 quam
1405 467 1604 531 pulchre
1627 478 1675 515 et
1698 469 1881 533 elegan-

466 552 537 588 ter
554 558 686 589 sacer
701 542 943 605 psalmista
963 543 1187 589 cecinerit
1214 560 1225 588 ε
1256 564 1278 586 «
1302 543 1395 600 Qui
1420 543 1600 591 habitat
1621 546 1672 591 in
1695 547 1880 610 adjuto-

463 619 535 665 rio
563 618 781 665 Altissimi
797 656 809 676 ‚
834 621 884 665 in
907 620 1203 683 protectione
1226 621 1313 667 Dei
1332 620 1438 667 coeli
1461 622 1839 671 commorabitur
1855 646 1877 668 »

466 694 551 760 [et]
571 695 705 759 quod
724 706 1074 758 consequenter
1089 696 1139 742 in
1157 696 1328 744 eodem
1345 697 1442 744 imo
1459 698 1714 746 bellissime
1732 701 1874 748 canit.

526 775 770 819 Durarunt
790 773 933 835 igitur
959 774 1082 820 inter
1105 777 1396 821 Francorum
1420 792 1581 839 regem
1611 777 1880 842 ducemque

462 849 860 913 Burgundionum
881 860 1056 913 treugae
1080 851 1314 914 praedictae
1334 852 1525 900 initiatae
1540 870 1597 901 ex
1618 865 1787 918 quarta
1806 856 1880 902 die

463 927 641 991 aprilis,
661 936 708 973 et
729 936 896 991 postea
928 927 1017 973 sub
1041 926 1218 974 eisdem
1241 928 1423 991 legibus
1452 947 1507 976 ex
1539 931 1748 979 calendis
1775 933 1879 996 julii

463 1005 511 1050 in
536 1020 718 1050 annum
743 1003 1009 1069 productae,
1029 1004 1209 1068 absque
1226 1004 1319 1052 hoc
1339 1006 1471 1069 quod
1489 1011 1778 1057 commercia
1799 1011 1881 1057 ali-

460 1098 556 1144 qua
577 1082 699 1128 inter
719 1082 961 1144 utriusque
977 1080 1259 1129 obedientiae
1287 1082 1504 1131 subditos
1525 1101 1718 1133 cursum
1735 1087 1879 1135 habe-

460 1169 582 1206 rent.
605 1157 791 1216 Quibus
813 1158 1035 1205 ineundis
1070 1169 1117 1205 et
1146 1159 1370 1207 feriendis
1401 1177 1593 1209 causam
1613 1165 1879 1227 praestitisse

461 1235 698 1282 ferebatur
732 1234 964 1282 adventus
992 1235 1294 1301 illustrissimi
1323 1237 1458 1284 ducis
1482 1239 1766 1302 Aquitaniae,
1797 1242 1879 1304 qui

459 1331 514 1361 ex
550 1301 802 1377 Aquitania
842 1330 870 1360 a
902 1330 1039 1377 rege,
1089 1331 1317 1377 germano
1349 1332 1461 1374 suo,
1495 1326 1549 1362 ut
1585 1316 1675 1363 sihi
1707 1318 1878 1366 auxilia

458 1391 621 1451 ferret,
647 1391 921 1450 accersitus,
948 1408 1059 1438 cum
1087 1391 1290 1455 pulchro
1324 1401 1616 1439 armatorum
1648 1395 1878 1442 comitatu

456 1478 668 1525 venerat,
696 1479 926 1532 tanquam
954 1460 1042 1515 sibi
1066 1468 1273 1515 subsidia
1293 1469 1605 1534 praebiturus3
1642 1488 1693 1519 re
1718 1483 1878 1521 autem

456 1562 569 1593 vera
592 1547 689 1609 regi
711 1546 859 1608 magis
877 1556 1121 1610 suspectus
1144 1546 1453 1594 habebatur¹.

525 1624 630 1669 Fuit
644 1633 803 1670 autem
818 1639 873 1670 ea
890 1633 1050 1686 treuga
1064 1623 1174 1670 satis
1190 1634 1463 1688 opportuna
1481 1635 1528 1672 et
1545 1643 1697 1691 prope
1719 1644 1879 1678 neces-

458 1702 577 1749 saria
605 1701 1002 1766 Burgundionum
1034 1701 1168 1761 duci,
1195 1712 1248 1748 ut
1280 1701 1341 1748 ab
1367 1702 1618 1751 obsidione
1653 1721 1739 1752 sua
1774 1708 1879 1753 Am-

456 1781 672 1827 bianensi
694 1780 973 1827 discedendi
1001 1780 1254 1826 honestam
1284 1781 1519 1845 acciperet
1546 1783 1873 1842 occasionem,

458 1859 507 1904 in
539 1875 635 1922 qua
669 1874 841 1922 parum
871 1867 956 1905 aut
989 1857 1106 1904 nihil
1141 1857 1373 1921 proficere
1402 1868 1618 1922 poterat,
1653 1875 1712 1906 eo
1743 1859 1877 1923 quod

459 1935 678 1982 maximis
707 1936 922 1998 equitum
952 1944 1000 1980 et
1035 1933 1252 1998 peditum
1279 1935 1428 1998 copiis
1458 1951 1565 1981 eam
1597 1935 1767 1983 urbem
1794 1952 1877 1983 rex

458 2012 737 2077 repleverat,
777 2011 1029 2074 eidemque
1062 2021 1359 2058 commeatus
1389 2011 1685 2059 abundantia
1715 2014 1876 2077 quoti-

460 2090 536 2137 die
557 2089 858 2154 providebat.
892 2088 985 2135 Sed
1013 2098 1060 2134 et
1089 2087 1149 2134 de
1178 2098 1280 2135 toto
1312 2105 1459 2151 regno
1488 2090 1730 2152 ingentem
1751 2091 1877 2138 circa

459 2167 578 2213 fines
595 2165 700 2212 illos
717 2166 934 2211 militiam
949 2174 1278 2228 congregarat,
1301 2181 1407 2228 quae
1422 2166 1578 2230 ipsum
1598 2166 1876 2230 Burgundiae

460 2245 632 2292 ducem
652 2252 697 2288 et
723 2242 823 2305 ejus
851 2242 1109 2288 exercitum
1132 2242 1182 2287 in
1205 2241 1421 2305 plurimis
1445 2243 1671 2306 angustiis
1696 2244 1873 2291 victua-

460 2322 578 2369 lium
591 2318 928 2365 habendorum
940 2318 1195 2381 multisque
1207 2319 1308 2366 aliis
1321 2319 1541 2383 periculis
1552 2319 1869 2386 supponebat.

515 2491 554 2528 1.
584 2489 632 2525 Et
655 2500 735 2525 non
765 2498 853 2524 sans
883 2485 1033 2531 raison,
1063 2483 1227 2535 puisque
1254 2485 1346 2521 c’est
1373 2482 1469 2521 dans
1497 2496 1541 2521 ce
1563 2496 1716 2537 voyage
1737 2497 1813 2535 que
1835 2483 1872 2523 le

460 2550 592 2602 prince
610 2560 722 2600 passa
744 2546 792 2584 de
812 2558 994 2584 nouveau
1015 2546 1035 2581 a
1053 2542 1246 2582 l’ennemi.
1271 2542 1362 2580 Cela
1385 2551 1442 2580 est
1461 2543 1611 2594 prouvc
1627 2557 1698 2595 par
1725 2558 1770 2583 ce
1796 2557 1872 2595 que

459 2608 625 2647 l'auteur
643 2614 800 2644 raconte
819 2603 914 2642 dans
930 2603 967 2641 le
987 2602 1158 2654 chapitre
1177 2602 1344 2650 suivant,
1365 2610 1403 2639 et
1419 2616 1559 2641 encore
1578 2603 1708 2642 mieux
1726 2617 1797 2655 par
1815 2605 1872 2643 les

453 2667 704 2710 instructions
720 2665 768 2703 de
787 2667 930 2702 Poncet
950 2662 998 2700 de
1020 2665 1074 2701 La
1094 2662 1250 2701 Riviere
1262 2691 1272 2709 ‚
1293 2663 1442 2714 envoye
1461 2677 1531 2715 par
1551 2664 1588 2702 le
1606 2663 1682 2703 duc
1703 2663 1751 2703 de
1774 2667 1870 2703 Bre-

459 2737 571 2781 tagne
590 2740 640 2765 au
659 2726 734 2764 duc
753 2724 800 2763 de
819 2727 1063 2775 Bourgogne‚
1086 2722 1123 2760 le
1143 2725 1193 2760 15
1209 2722 1335 2770 J’uillet
1353 2725 1471 2762 1471.
1493 2727 1541 2762 D.
1563 2723 1727 2773 Morice,
1750 2735 1868 2776 preu-

458 2800 539 2836 ves,
566 2795 592 2824 t.
615 2789 683 2825 111.
