2054 3470
798 350 944 388 mez
971 349 1213 397 QUARTUS.
1635 350 1710 386 303

301 441 422 504 regis
446 437 642 486 suborta
666 437 845 494 fuisset,
884 437 943 484 ad
976 451 1122 500 quam
1154 436 1543 499 exstinguendam
1566 446 1708 500 atque

301 514 678 582 reprimendam,
711 513 772 561 de
792 514 1035 578 superiore
1066 512 1312 560 coenaculo
1328 548 1340 572 ,
1369 513 1416 559 in
1449 529 1548 576 quo
1571 521 1710 560 stete-

302 603 399 650 rat,
436 592 499 639 ad
535 590 756 637 inferiora
796 589 1117 637 descendisset
1137 627 1149 648 ,
1199 606 1227 637 a
1272 589 1461 636 militari
1501 590 1704 636 tumultu

301 669 439 718 valde
469 667 722 716 crudeliter
755 675 1030 732 peremptus
1053 667 1378 730 laceratusque
1414 666 1524 720 fuit,
1553 665 1710 713 multis

302 745 546 794 confossus
569 743 863 792 vulneribus.
899 746 1108 791 Fuerunt
1138 742 1359 790 nonnulli
1390 743 1456 790 ob
1491 743 1586 789 hoc
1620 742 1708 789 hu-

296 821 506 886 jusmodi
541 822 650 868 rixae
681 831 727 868 et
758 821 900 885 jurgii
934 836 991 868 ex
1031 821 1300 885 composito
1346 819 1592 877 studiosi¹‚
1636 828 1707 879 ut,

302 898 553 946 occasione
596 908 818 963 accepta,
858 898 919 946 ad
957 897 1098 944 talem
1135 898 1281 963 ipsius
1323 913 1490 944 necem
1527 897 1712 943 venire-

301 985 391 1023 tur.
425 976 535 1022 Sine
565 991 660 1039 qua
691 977 833 1022 etiam
856 976 956 1022 rixa
980 984 1195 1022 asserunt
1229 974 1332 1036 alii,
1361 991 1419 1021 ex
1446 975 1714 1039 composito

301 1052 480 1117 impetu
503 1053 552 1099 in
583 1069 694 1099 eum
719 1053 843 1100 facto
859 1088 871 1111 ,
900 1063 990 1117 per'
1017 1052 1186 1099 milites
1212 1053 1259 1098 in
1286 1052 1530 1116 superiore
1558 1067 1717 1098 coena-

300 1129 410 1176 culo
427 1129 624 1187 domus,
650 1131 697 1176 in
723 1146 817 1192 qua
840 1129 994 1177 stabat
1025 1139 1072 1176 et
1100 1145 1176 1187 se,
1215 1138 1412 1194 propter
1448 1128 1592 1176 factas
1627 1128 1715 1175 sibi

304 1205 686 1270 pollicitationes,
726 1223 943 1254 securum
981 1223 1082 1253 esse
1114 1205 1409 1267 confidebat,
1438 1222 1548 1253 eum
1581 1206 1719 1252 fuisse

304 1293 626 1348 peremptum,
652 1285 902 1349 pluresque
920 1284 980 1331 de
999 1285 1095 1331 suis
1115 1284 1342 1331 militibus
1368 1294 1510 1347 atque
1538 1284 1719 1331 civibus

303 1360 442 1406 simili
464 1361 604 1408 fuisse
625 1361 903 1408 crudelitate
922 1371 967 1408 et
989 1361 1187 1426 perfidia
1209 1378 1464 1427 oppressos
1487 1378 1542 1408 ac
1567 1378 1717 1409 neca-

305 1444 395 1482 tos.
423 1439 641 1494 Quorum
665 1447 826 1485 utrum
854 1439 1011 1485 verius
1031 1439 1124 1495 sit,
1145 1440 1227 1501 qui
1251 1439 1313 1486 ad
1334 1438 1568 1502 liquidum
1587 1456 1719 1486 com-

303 1522 493 1576 pertum
514 1530 614 1560 non
636 1513 869 1561 habemus
885 1551 897 1570 ,
923 1515 1127 1562 diffinire
1150 1531 1250 1562 non
1269 1515 1519 1562 audemus.

370 1591 565 1638 Constat
587 1601 745 1638 tamen
772 1592 951 1656 absque
975 1592 1070 1639 ulla
1087 1591 1400 1650 haesitatione,
1425 1593 1557 1656 quod
1572 1630 1584 1651 ,
1607 1610 1717 1640 cum

306 1667 510 1732 praestita
533 1667 619 1715 sibi
644 1669 917 1730 securitate,
941 1685 1085 1732 quam
1104 1668 1308 1716 diximus
1322 1704 1334 1726 ,
1356 1669 1551 1734 pacifice
1567 1670 1720 1733 regios

306 1743 452 1791 duces
471 1755 614 1809 atque
636 1746 805 1792 milites
825 1747 873 1792 in
897 1747 1134 1794 civitatem
1158 1746 1420 1794 admisisset
1434 1783 1446 1806 ‚
1468 1747 1721 1795 crudeliter

307 1837 562 1886 oppressus
578 1831 720 1886 atque
738 1822 995 1869 exstinctus
1014 1822 1123 1881 fuit3
1143 1823 1369 1887 quodque
1382 1827 1396 1848 ²
1411 1823 1721 1888 postmodum

306 1914 389 1945 rex
415 1908 462 1946 et
479 1900 654 1946 moenia
686 1909 730 1947 et
763 1900 936 1947 domos
958 1900 1104 1946 totius
1136 1901 1359 1960 civitatis,
1387 1910 1557 1966 praeter
1575 1901 1722 1949 eccle-

306 1973 446 2032 siam,
473 1975 598 2022 dirui
629 1985 771 2040 atque
805 1975 1024 2023 demoliri
1054 1976 1184 2023 fecit:
1214 1977 1376 2040 quod,
1403 1986 1636 2041 quantum
1664 1995 1719 2025 ex

307 2049 488 2099 boniet
508 2053 629 2116 aequi
653 2052 810 2100 officio
830 2053 1057 2118 principis
1079 2054 1129 2100 id
1148 2053 1334 2101 efficere
1355 2054 1599 2111 debuerit,
1619 2056 1722 2119 ipse

308 2127 491 2175 viderit.

375 2208 431 2252 Et
458 2202 553 2253 hoc
579 2207 727 2254 modo
763 2207 877 2254 dicti
909 2209 1096 2255 comitis
1137 2209 1347 2272 flagitiis,
1388 2208 1644 2257 sceleribus
1677 2220 1723 2256 et

310 2283 486 2346 rapinis
516 2283 622 2330 finis
652 2284 903 2348 impositus
926 2285 1029 2332 fuit.
1064 2285 1158 2342 Qui
1189 2287 1431 2349 profecto,
1469 2304 1557 2352 pro
1580 2286 1723 2333 male-

312 2359 543 2407 factorum
560 2361 863 2409 multitudine
882 2371 928 2409 et
947 2363 1275 2425 magnitudine
1287 2401 1299 2424 ‚
1322 2380 1426 2428 quae
1442 2364 1719 2422 admiserat,

313 2437 388 2483 vix
414 2438 555 2484 nimis
584 2455 746 2486 severe
768 2440 927 2504 puniri
953 2440 1205 2504 potuisset3
1243 2441 1333 2487 sed
1361 2441 1490 2505 quod
1530 2441 1591 2488 ad
1622 2441 1722 2505 ejus

314 2514 617 2578 supplicium,
644 2516 949 2579 quantumvis
970 2515 1096 2579 juste
1119 2518 1479 2581 promeruisset,
1502 2534 1614 2564 cum
1640 2517 1720 2564 tali

314 2591 583 2654 proditione
616 2603 757 2658 atque
791 2594 988 2659 perfidia
1020 2604 1303 2658 perventum
1333 2596 1499 2656 fuerit,
1533 2613 1561 2642 a
1588 2595 1720 2642 nullo

369 2712 407 2746 1.
437 2709 470 2746 Il
489 2723 514 2760 y
531 2722 555 2747 a
576 2723 715 2751 encore
735 2725 812 2750 une
840 2713 1096 2750 incorrection
1114 2713 1163 2752 de
1181 2722 1284 2752 texte
1311 2713 1406 2752 dans
1434 2721 1531 2752 cette
1559 2713 1719 2764 phrase,

317 2769 369 2806 οὺ
386 2767 413 2804 il
434 2767 599 2806 faudrait
620 2769 743 2820 plutot
761 2770 833 2809 lire
848 2773 988 2809 Ferunt
1004 2775 1268 2813 nonnullos....
1289 2774 1408 2821 fuisse
1424 2774 1617 2810 studiosos.

369 2828 410 2866 2.
443 2829 588 2877 Quique
605 2827 700 2865 dans
717 2829 753 2866 le
771 2842 842 2869 ms-
