2054 3470
746 331 892 368 LIBER
914 331 1132 368 TERTIUS.
1208 346 1212 350 ·
1571 329 1646 366 287

241 419 488 484 dequibus
509 418 770 483 plurimum
783 415 1054 463 confidebat
1081 434 1090 461 :
1112 432 1320 480 quorum
1339 416 1456 462 alter
1481 414 1648 480 appel-

239 496 427 544 labatur
449 494 686 542 Jordanus
708 496 891 554 Faure,
918 492 1074 540 dictus
1111 495 1344 552 Vercoz'sss
1379 492 1647 540 monachus

242 573 423 620 ordinis
440 570 880 630 Sancti-Benedicti,
905 569 1138 617 oriundus
1159 569 1221 616 de
1241 569 1428 617 civitate
1447 571 1578 633 Dyae‘
1599 570 1647 616 in

240 649 498 710 Delfinatu,
527 649 601 696 cui
620 648 749 696 idem
764 648 990 696 dominus
1003 663 1116 694 suus
1138 648 1311 694 fecerat
1334 646 1552 693 obtinere
1577 662 1650 692 so-

240 727 446 775 lemnem
469 742 578 774 eam
601 725 839 773 abbatiam
864 725 1243 773 Sancti-Joannis
1279 724 1554 789 Angeliaci⁸,
1603 734 1649 770 et

239 804 665 868 eleemosynarium
701 820 841 851 suum
866 820 977 851 eum
1009 803 1207 862 fecerat,
1245 819 1356 850 cum
1387 819 1485 867 quo
1509 803 1649 849 etiam

238 881 453 946 quotidie
486 882 631 929 horas
662 883 917 930 canonicas
940 882 1152 945 legebat3
1191 882 1324 930 alteri
1349 898 1526 928 nomen
1551 891 1651 928 erat

240 958 471 1005 Henricus
492 957 549 1004 de
572 959 619 1005 la
640 959 808 1019 Roche,
835 959 917 1023 qui
937 959 1129 1006 scutifer
1148 968 1247 1006 erat
1265 958 1506 1023 coquinae⁴
1529 958 1651 1021 ejus-

240 1035 352 1083 dem
376 1035 579 1083 domini.
602 1040 698 1083 Hos
717 1037 896 1102 quippe
918 1036 1058 1098 duos,
1084 1036 1212 1083 velut
1233 1036 1436 1083 idoneos
1454 1045 1549 1082 tam
1567 1051 1651 1082 ne-

239 1113 385 1161 fando
407 1115 544 1178 operi
564 1115 822 1173 ministrOS,
847 1115 1092 1179 promissis
1104 1124 1246 1178 atque
1269 1113 1547 1160 muneribus
1571 1129 1651 1160 rex

240 1189 431 1255 pellexit
453 1201 504 1237 ut
533 1190 924 1254 benignissimum
961 1190 1215 1237 dominum
1241 1207 1403 1252 suum,
1429 1190 1653 1238 adhibitis

241 1268 382 1315 etiam
411 1268 698 1332 quibusdam
728 1269 975 1333 sortilegiis
1009 1278 1056 1316 et
1096 1268 1313 1316 maleficii
1346 1269 1544 1327 artibus,
1574 1285 1652 1315 ve-

242 1364 370 1395 neno
393 1349 742 1411 exstinguerent
762 1367 771 1395 :
792 1348 1200 1413 quemadmodum
1217 1359 1264 1395 et
1283 1349 1511 1396 fecerunt.
1538 1352 1653 1396 Nam

243 1423 305 1471 ab
341 1424 446 1489 ipso
478 1441 588 1488 rege
619 1425 774 1471 multa<
797 1435 1041 1472 scutorum
1066 1424 1237 1483 millia,
1273 1436 1382 1472 ante
1414 1435 1654 1490 patratum

243 1502 413 1562 scelus,
434 1504 534 1567 jam
555 1505 784 1568 recepisse
802 1540 813 1561 ,
839 1503 975 1567 plura
995 1520 1108 1549 vero
1125 1502 1294 1564 multo,
1319 1513 1653 1551 consummato

244 1595 320 1638 e0,
346 1596 403 1627 ex
424 1591 563 1644 pacto
584 1581 853 1645 percepturi
877 1597 976 1627 esse
1000 1579 1313 1627 ferebantur‘.

311 1662 515 1722 Accepto
543 1658 702 1722 itaque
733 1668 779 1704 et
802 1657 972 1704 hausto
1009 1657 1247 1704 dictorum
1273 1657 1482 1704 duorum
1511 1674 1655 1723 opera

245 1750 454 1792 veneno,
492 1737 593 1799 ipse
627 1734 852 1781 dominus
884 1734 1108 1795 Carolus,
1149 1735 1370 1782 nondum
1398 1753 1489 1782 xxx
1517 1737 1656 1783 annis

245 1811 390 1858 aetatis
435 1828 529 1858 suae
576 1811 771 1876 expletis
794 1813 829 1870 ⁶,
882 1811 1174 1858 lamentabili
1219 1822 1362 1876 atque
1403 1813 1656 1860 immatura

246 1897 397 1935 morte
419 1889 564 1935 vitam
596 1888 775 1948 finivit,
802 1889 932 1935 miris
961 1889 1249 1936 cruciatibus
1282 1899 1424 1954 atque
1457 1889 1654 1954 languo-

245 1965 375 2014 ribus
391 2005 404 2027 ‚
455 1968 730 2032 priusquam
781 1968 996 2032 spiritum
1047 1967 1317 2028 exhalaret,
1367 1967 1567 2015 afflictus
1612 1977 1658 2014 et

246 2045 562 2104 excruciatu53
600 2061 711 2092 nam
746 2044 905 2109 plures
929 2061 1115 2092 menses
1139 2045 1187 2092 in
1214 2043 1494 2108 hujusmodi
1519 2044 1657 2091 dolo-

246 2119 378 2167 ribus
401 2130 543 2184 atque
568 2121 855 2168 cruciatibus
871 2159 883 2181 ,
928 2139 1050 2186 quos
1077 2122 1126 2168 in
1162 2122 1262 2184 ejus
1290 2138 1493 2186 corpore
1515 2131 1658 2185 atque

249 2194 505 2242 visceribus
530 2194 752 2241 violentia
773 2197 944 2242 veneni
968 2195 1185 2256 faciebat,
1209 2197 1447 2259 transegit.
1479 2199 1530 2241 ln
1554 2197 1658 2259 qui-

247 2270 338 2318 bus
362 2281 539 2335 quanta
564 2271 631 2318 illi
662 2289 777 2319 cura
810 2283 952 2336 atque
986 2273 1229 2336 diligentia
1264 2272 1470 2319 exhibita
1501 2272 1660 2319 fuisset

249 2349 570 2410 medicorum,
595 2349 768 2396 nullius
792 2359 950 2397 tamen
974 2366 1065 2414 ope
1086 2350 1161 2397 vel
1187 2350 1360 2397 auxilio
1394 2349 1654 2409 medicinae,

303 2459 341 2495 1.
370 2458 549 2511 Corrigez
571 2462 610 2496 V
606 2473 738 2498 ercors.

304 2518 343 2554 2.
373 2517 460 2556 Die.

307 2578 343 2614 3.
375 2577 592 2615 Saint-Jean
611 2577 801 2630 d’Angeli.

307 2638 347 2675 4.
375 2631 526 2686 Ecuyer
547 2637 595 2675 de
616 2639 776 2677 cuisine.

309 2697 346 2731 5.
378 2694 468 2732 Voir
485 2708 528 2733 ce
555 2708 630 2746 que
650 2697 814 2735 l'auteur
836 2696 962 2745 ajoute
980 2697 1172 2748 ci-apres,
1192 2699 1219 2737 1.
1240 2700 1306 2747 IV,
1326 2711 1360 2738 c.
1385 2711 1435 2744 11,
1457 2710 1555 2748 pour
1574 2696 1659 2733 eta-

254 2752 329 2792 blir
346 2753 622 2793 l’authenticite
639 2755 692 2793 du
713 2756 845 2794 crime.

310 2815 347 2851 6.
377 2812 407 2850 Il
425 2816 512 2851 n'en
532 2813 634 2851 avait
651 2827 725 2864 que
744 2815 930 2866 vingt-six
965 2815 1065 2852 etant
1083 2816 1132 2852 ne
1148 2817 1168 2851 ὸ
1182 2815 1218 2852 la
1238 2815 1288 2853 fin
1307 2814 1355 2852 de
1371 2813 1520 2852 l'annee
1539 2816 1655 2853 1446.
