2054 3470
743 287 891 324 LIBER
917 286 1115 323 PRIMUS.
1581 287 1630 324 97

229 377 371 434 nulli,
411 376 500 423 nisi
539 373 772 431 volentes,
810 373 1024 419 amittere
1059 371 1257 437 possint.
1300 374 1369 418 An
1408 389 1522 420 vero
1560 391 1633 421 se-

229 454 330 500 curi
367 463 478 500 sunt
511 451 561 498 hi
599 451 746 497 nostri
782 448 1018 495 ambitiosi
1049 458 1097 496 et
1126 448 1287 513 cupidi
1319 449 1629 510 dominandi,

230 529 435 586 etiamsi,
464 543 493 575 a
515 526 706 574 nemine
735 526 875 583 victi,
911 541 1059 588 usque
1087 524 1148 571 ad
1178 525 1406 572 terminos
1433 526 1563 573 orbis
1587 538 1634 574 et

224 615 462 658 ,extremos
497 602 638 658 maris
668 618 900 662 recessus,
926 611 974 648 et
1000 602 1048 647 in
1080 601 1256 648 insulas
1285 618 1629 667 quascumque,

230 700 367 731 suum
401 682 765 747 propagaverint
801 679 1131 727 dominatum?
1163 681 1304 744 Atqui
1338 681 1489 745 plenae
1524 692 1635 728 sunt

231 760 456 816 historiae,
482 769 529 805 et
549 767 730 804 veteres
760 767 806 803 et
835 757 1142 815 rec'entioreS,
1168 757 1417 820 quomodo
1442 758 1634 804 maximi

232 838 536 902 imperatores
565 845 611 882 et
646 851 801 898 reges,
835 844 948 881 tunc
973 851 1083 881 cum
1114 834 1318 882 maxima
1345 845 1486 898 atque
1514 837 1637 883 latis-

230 914 350 960 sima
380 913 580 959 assecuti
617 911 891 958 viderentur
924 911 1144 976 imperia,
1182 910 1328 970 dolis,
1366 911 1632 971 fraudibus,

230 989 411 1037 insidiis
441 989 511 1035 vel
543 988 937 1036 machinamentis
968 998 1016 1034 et
1046 987 1371 1051 molitionibus
1407 979 1632 1051 suorum,

229 1066 306 1114 vel
328 1065 557 1125 filiorum,
587 1066 662 1111 vel
687 1065 908 1121 fratrum,
938 1081 1022 1111 seu
1048 1081 1248 1111 uxorum
1272 1081 1327 1111 ac
1349 1065 1635 1114 domestico·

230 1160 336 1190 rum
385 1141 711 1190 miserabiliter
751 1142 1009 1206 perierunt.
1062 1144 1279 1199 Quorum
1328 1142 1635 1206 particulares

231 1236 389 1275 casus,
417 1220 456 1266 si
480 1235 602 1282 quos
626 1219 763 1265 latius
788 1218 945 1265 videre
967 1218 1190 1278 delectet,
1220 1218 1342 1283 legat
1364 1219 1514 1266 libros
1535 1224 1637 1268 Jus-

232 1298 335 1356 tini,
358 1296 504 1344 libros
525 1296 719 1343 loannis
737 1296 948 1342 Boccacii
971 1295 1031 1343 de
1054 1294 1248 1342 Casibus
1271 1297 1492 1343 Virorum
1515 1297 1639 1344 illus-

233 1375 392 1435 trium,
413 1374 487 1421 vel
501 1374 720 1421 historias
735 1373 929 1438 Josephi
945 1389 1029 1419 seu
1049 1373 1178 1420 Pauli
1196 1374 1353 1420 Orosii
1372 1392 1382 1420 :
1399 1375 1448 1420 in
1465 1375 1639 1438 quibus

233 1451 435 1498 inveniet
461 1450 790 1513 hujuscemodi
812 1450 1136 1514 exemplorum
1156 1451 1298 1514 plena
1319 1451 1580 1499 volumina.

299 1531 431 1574 Hanc
446 1537 606 1574 autern
623 1527 779 1573 omnis
795 1526 1055 1573 securitatis
1071 1537 1116 1573 et
1137 1527 1488 1590 tranquillitatis
1505 1530 1640 1576 amis-

222 1605 417 1652 'sionem
439 1614 484 1651 et
503 1604 751 1667 jacturam,
779 1619 884 1666 quae
906 1603 1046 1666 hujus
1067 1603 1341 1650 ambitionis
1363 1613 1411 1650 et
1432 1605 1640 1652 libidinis

235 1680 516 1728 dominandi
553 1697 713 1727 comes
746 1690 792 1726 et
826 1679 1087 1744 pedisequa
1131 1679 1386 1727 infallibilis
1433 1682 1636 1743 exsistit,

237 1756 538 1821 philosophia
567 1755 852 1820 perpulchre
883 1755 1078 1802 alumno
1110 1772 1200 1802 suo
1233 1756 1512 1818 ostendens,
1549 1758 1641 1804 ele-

234 1846 398 1900 ganter
427 1835 555 1900 apud
591 1835 838 1882 Boethium
868 1835 1098 1882 exclamat
1129 1853 1138 1881 :
1175 1856 1198 1880 «
1235 1836 1460 1884 Praeclara
1490 1854 1638 1903 opum

234 1912 506 1960 mortalium
536 1910 807 1968 beatitudo,
839 1927 982 1974 quam
1006 1927 1116 1958 cum
1144 1910 1344 1975 adeptus
1372 1912 1535 1972 fueris,
1569 1931 1640 1962 se-

235 2006 377 2037 curus
410 2005 509 2036 esse
542 1986 746 2035 desistis!
778 2008 799 2030 »
833 1990 954 2045 Quaev
982 1988 1148 2048 etiam,
1184 2005 1328 2052 quam
1364 1989 1549 2038 fallaces
1583 2008 1639 2040 ac

237 2066 474 2115 mendosae
502 2066 618 2126 sint,
646 2065 909 2112 luculenter
938 2065 1146 2112 ostendit
1169 2083 1179 2111 :
1204 2082 1333 2128 quae,
1362 2083 1472 2112 cum
1500 2067 1641 2114 suffi-

236 2143 454 2192 cientiam
487 2143 678 2200 afferre,
708 2151 754 2188 et
785 2158 978 2188 omnem
1006 2142 1317 2205 indigentiam
1353 2141 1438 2207 [se]
1471 2143 1641 2209 depul-

237 2237 368 2268 suras
402 2220 703 2286 promittant,
737 2235 836 2265 non
874 2219 1022 2266 modo
1051 2219 1101 2265 id
1128 2235 1225 2266 non
1255 2219 1478 2268 exhibent
1506 2223 1639 2286 quod

238 2298 542 2362 pollicentur,
584 2297 667 2344 sed
703 2295 1054 2343 insufficienti-as
1094 2307 1142 2343 et
1178 2297 1460 2360 indigentias
1496 2300 1639 2347 etiam

240 2374 462 2438 plurimas
483 2391 643 2421 secum
665 2374 880 2433 trahunt;
906 2374 1298 2437 verissimumque
1319 2384 1390 2421 est
1413 2375 1530 2423 illud
1554 2379 1640 2423 Se-

240 2466 366 2497 necae
392 2469 403 2496 :
429 2472 451 2494 «
476 2451 724 2498 Permultis
748 2450 958 2513 indigere
980 2450 1061 2513 qui
1087 2450 1234 2497 multa
1257 2451 1501 2514 possident
1522 2473 1567 2513 η,
1594 2464 1640 2500 et

242 2527 351 2590 quia
374 2547 398 2572 «
422 2544 592 2592 magna
613 2528 809 2575 servitus
830 2538 900 2574 est
922 2543 1094 2590 magna
1114 2527 1321 2575 fortuna.
1349 2548 1372 2571 >2

306 2605 355 2650 Si
376 2605 479 2667 quis
498 2606 638 2668 igitur
656 2622 765 2652 vere
784 2605 1039 2665 dominari,
1067 2621 1178 2652 vere
1201 2622 1393 2652 securus
1415 2606 1642 2654 invictus-

243 2695 336 2742 que
366 2696 464 2726 esse
493 2682 810 2746 concupierit,
837 2698 934 2728 non
967 2698 1133 2744 regna,
1164 2699 1261 2728 non
1286 2683 1506 2747 imperia,
1542 2701 1639 2730 non

244 2756 470 2803 terminos
491 2773 602 2803 suos
628 2757 676 2803 in
707 2767 885 2806 exteras
912 2768 1073 2821 gentes
1094 2768 1141 2805 et
1163 2760 1379 2820 nationes
1404 2759 1641 2822 proferre,

453 2846 490 2870 11
1413 2838 1434 2871 7
