2054 3470
724 332 868 371 LIBER
895 331 1163 371 SECUNDUS.
1579 335 1655 372 207

251 438 366 469 num
383 457 396 482 ,
418 420 619 486 Philippi
640 419 865 483 genitoris
894 427 940 466 et
962 417 1145 474 Caroli,
1167 417 1251 464 filii
1274 419 1369 479 sui,
1404 418 1655 469 clementia

250 508 392 563 atque
418 497 685 546 humanitas
706 495 993 560 perpulchra
1013 495 1197 542 enituit.
1225 495 1342 554 Qui,
1376 495 1484 542 licet
1511 513 1540 544 a
1566 514 1653 561 po-

249 576 364 641 pulo
386 575 517 624 urbis
539 574 661 621 illius
679 583 726 620 et
743 584 910 621 caetera
925 573 1110 638 plebeia
1131 590 1186 620 ex
1210 573 1332 636 agris
1350 573 1656 623 multitudine

250 654 530 719 gravissimis
547 645 741 700 fuissent
764 662 811 700 et
834 651 1136 699 contumeliis
1157 651 1381 710 lacessiti,
1405 662 1452 699 et
1473 653 1657 717 injuriis

248 743 388 798 atque
409 732 595 780 damnis
615 731 772 779 affecti
793 730 1132 795 multipliciter,
1170 731 1467 778 severitatem
1494 741 1653 780 tamen

248 807 494 855 clementia
517 815 851 870 temperantes,
878 821 989 851 cum
1010 804 1407 869 promissionibus
1426 816 1472 852 et
1492 806 1656 854 litteris

247 883 481 948 primum,
511 882 687 930 deinde
710 881 957 930 obsidibus
977 881 1212 946 acceptiS,
1245 882 1387 929 tertio
1416 883 1655 931 moenibus

244 960 437 1025 dejectis
471 960 734 1025 ablatisque
766 960 934 1019 armis,
970 958 1157 1005 furiosis
1197 958 1287 1006 illis
1319 969 1366 1006 et
1403 960 1656 1025 foedifragis

243 1037 421 1102 (tribus
440 1038 572 1099 factis
591 1034 971 1102 expeditionibus
994 1035 1246 1082 adversum
1268 1036 1412 1099 eos),
1440 1047 1511 1084 tot
1532 1038 1655 1102 inju-

244 1114 335 1166 rias
367 1115 435 1165 eis
458 1113 700 1180 parcendo
734 1112 1091 1171 condonarant,
1126 1121 1198 1173 et,
1236 1112 1275 1158 si
1306 1114 1538 1160 sustinere
1567 1131 1656 1179 po-

246 1193 442 1241 tuissent
459 1207 542 1240 eos
560 1191 609 1238 in
624 1207 709 1238 sua
727 1190 1009 1254 integritate,
1032 1189 1304 1254 pecuniaria
1320 1192 1657 1239 tantummodo

245 1269 508 1335 quantitate
535 1267 787 1316 mulctatos
810 1267 1006 1333 pacifice
1029 1266 1348 1315 dimittebant.
1386 1271 1542 1326 Quam
1565 1271 1656 1317 uti-

244 1365 337 1412 que
360 1347 632 1413 pecuniam,
658 1347 696 1393 si
721 1346 838 1410 quid
861 1345 1175 1410 providentiae
1197 1344 1492 1408 habuissent,
1517 1357 1656 1413 pote·

245 1435 353 1473 rant
379 1425 427 1471 in
455 1424 749 1490 paucissimis
771 1423 908 1470 annis
938 1421 1209 1483 exsolvere,
1241 1432 1288 1469 et
1318 1424 1652 1488 postmodum,

245 1501 382 1548 liberi
406 1511 452 1549 et
470 1501 618 1565 quieti
635 1510 896 1560 manentes,
916 1500 1045 1565 pacis
1062 1508 1205 1563 atque
1224 1499 1454 1547 libertatis
1464 1501 1656 1550 lenitate

246 1579 467 1644 gaudere.
509 1579 603 1627 Sed
634 1588 768 1626 tanto
805 1578 1019 1643 profecto
1050 1577 1183 1624 bono
1215 1579 1310 1625 suis
1333 1577 1575 1627 demeritis
1608 1597 1658 1627 se

245 1657 558 1706 reddiderunt
581 1656 830 1719 indignos;
865 1656 978 1719 qui,
1005 1655 1139 1702 omni
1163 1655 1332 1703 timore
1352 1656 1438 1702 Dei
1459 1657 1655 1720 reJecto,

245 1737 310 1784 ita
333 1735 577 1794 finitimos,
592 1750 620 1781 a
638 1733 809 1796 quibus
829 1732 1099 1780 nullatenus
1121 1732 1528 1796 inquietabantur,
1548 1735 1658 1798 igne

244 1822 292 1860 et
324 1812 448 1860 ferro
478 1811 735 1876 populare,
763 1820 808 1857 et
833 1810 1052 1856 omnium
1074 1810 1355 1873 injuriarum
1378 1827 1551 1874 genere
1575 1829 1658 1859 eos

245 1889 431 1942 afficere
452 1889 663 1954 primum
687 1888 891 1951 aggressi
911 1896 1046 1947 sunt;
1075 1897 1121 1933 et
1145 1903 1234 1933 nec
1256 1887 1430 1934 totiens
1452 1888 1520 1935 eis
1541 1906 1658 1954 par-

243 1968 338 2015 cito
353 1977 495 2031 atque
510 1965 717 2025 indulto,
740 1981 829 2012 nec
850 1965 1003 2029 poenis
1021 1964 1216 2011 civiliter
1231 1964 1409 2012 eisdem
1425 1966 1658 2030 gradatim

244 2055 290 2094 et
313 2062 374 2093 ex
393 2044 561 2092 ordine
584 2044 772 2090 inflictis
799 2053 846 2090 et
874 2043 1132 2108 impositis,
1166 2059 1191 2089 a
1216 2059 1301 2091 sua
1324 2046 1535 2108 nequitia
1558 2047 1656 2094 ullo

245 2133 383 2188 pacto
413 2120 627 2168 cohiberi
659 2130 915 2184 potuerant
951 2138 961 2166 :
1004 2120 1174 2166 merito
1214 2121 1355 2167 etiam
1386 2122 1601 2186 profecto
1629 2140 1658 2172 a

247 2187 406 2246 divina
429 2197 576 2261 gratia
603 2206 649 2242 et
681 2196 979 2262 protectione
1010 2195 1206 2255 deserti,
1237 2197 1344 2260 qui,
1372 2200 1657 2261 gravissimis

246 2276 454 2327 censuris
486 2274 548 2322 ab
581 2273 843 2339 apostolica
877 2273 997 2320 Sede
1030 2274 1267 2338 percussi,
1305 2285 1352 2322 et
1386 2277 1537 2340 patria
1572 2295 1656 2326 sua

246 2351 391 2416 longo
412 2351 657 2416 supposita
680 2349 955 2407 interdicto,
984 2366 1072 2396 nec
1091 2351 1187 2413 juri
1211 2368 1378 2415 parere
1398 2354 1650 2415 curabant,

248 2445 336 2476 nec
360 2444 582 2476 censuras
602 2438 771 2484 tantas,
800 2427 945 2474 veluti
964 2443 1063 2473 non
1086 2426 1352 2488 christiani,
1379 2430 1463 2477 sed
1485 2434 1656 2496 pagani

249 2514 296 2551 et
318 2506 510 2568 gentiles
533 2521 726 2570 prorsus
751 2504 927 2561 forent,
958 2503 1191 2550 ullatenus
1215 2505 1552 2555 formidabant.

311 2581 419 2628 Tale
436 2582 594 2645 itaque
610 2598 806 2628 suorum
826 2580 1105 2627 meritorum
1124 2591 1171 2627 et
1186 2598 1389 2646 operum
1405 2586 1654 2648 praemium

249 2658 417 2705 merito
452 2667 735 2722 exceperunt
758 2667 804 2704 et
830 2657 1136 2717 invenerunt,
1165 2667 1219 2704 ut
1243 2675 1411 2706 eorum
1440 2677 1580 2724 poena
1607 2670 1654 2707 et

251 2734 533 2800 supplicium
557 2735 736 2781 cunctis
757 2734 947 2798 populis
972 2733 1031 2796 (si
1053 2732 1222 2780 sanum
1247 2735 1425 2799 aliquid
1445 2738 1650 2801 sapiant)

250 2811 387 2859 cedat
405 2811 454 2857 in
477 2810 744 2875 exemplum
764 2827 774 2855 t
798 2826 857 2856 ne
874 2810 1104 2873 justitiam
1125 2827 1221 2874 qua
1242 2828 1337 2859 una
1362 2822 1409 2859 et
1431 2813 1533 2861 sola
1554 2829 1652 2860 coe-
