2054 3470
726 337 871 374 LIBER
894 336 1138 382 QUARTUS.
1569 339 1644 374 339

303 425 533 474 Mandatis
570 425 710 488 igitur
735 423 832 470 suis
871 420 1196 485 imperialibus
1225 423 1287 469 ad
1326 439 1494 471 omnes
1527 427 1644 471 Ger-

238 505 406 552 maniae
437 503 676 559 civitates,
709 516 816 564 quae
839 499 982 563 vulgo
1007 499 1274 563 imperiales
1303 500 1543 559 dicuntur,
1572 502 1643 548 di-

237 581 391 640 rectis,
425 578 618 644 singulis
638 577 892 642 imperavit
922 586 974 623 ut
1009 586 1192 623 certum
1215 593 1469 624 numerum
1492 593 1647 625 arma*

236 657 482 706 torum‘ad
501 654 837 719 Coloniensem
859 654 1048 714 urbem,
1070 653 1305 720 praefinito
1327 656 1394 702 eis
1411 665 1644 721 tempore,

238 727 622 784 transmitterent.
671 731 925 780 Accersivit
966 742 1015 779 et
1055 732 1214 797 plures
1260 748 1317 780 ex
1353 733 1650 799 principibus

237 812 500 861 Germaniae
517 821 564 858 et
585 810 891 858 ecclesiarum
912 810 1131 874 praelatis,
1154 811 1402 875 potissime
1420 811 1649 858 electores

237 891 365 940 Sacri
387 889 605 955 Imperii,
640 897 693 935 ut
723 905 836 937 cum
862 887 962 948 his,
998 904 1117 952 quas
1149 887 1433 936 contrahere
1456 899 1652 954 possent

236 968 403 1034 copiis,
429 967 642 1015 similiter
663 966 816 1031 parati
837 964 1055 1012 adessent
1079 965 1141 1012 ad
1165 967 1478 1014 constitutum
1501 966 1647 1014 diem.

236 1047 347 1093 Erat
378 1055 480 1093 tum
513 1061 600 1110 per
635 1053 785 1091 totam
812 1044 1145 1103 Germaniam,
1177 1054 1225 1091 et
1270 1053 1400 1092 trans
1435 1044 1654 1093 Rhenum

235 1133 283 1171 et
302 1123 370 1170 cis
392 1122 611 1170 Rhenum
632 1138 718 1187 per
749 1138 917 1169 omnes
953 1121 1101 1169 serme
1134 1114 1371 1182 civitates,
1394 1123 1575 1188 oppida
1610 1133 1656 1170 et

235 1199 368 1247 villas
379 1235 399 1258 .‚
435 1201 604 1262 ingens
635 1199 857 1264 strepitus
888 1214 1162 1258 armorum,
1208 1199 1450 1264 multaque
1486 1199 1658 1247 verbo-

236 1293 344 1324 rum
383 1277 611 1340 jactantia
647 1276 708 1323 de
753 1275 1212 1341 comprehendendo
1260 1277 1656 1340 Burgundionum

237 1353 386 1414 duce,
413 1371 583 1418 quem,
610 1364 662 1401 ut
682 1353 828 1417 vulgo
858 1353 1094 1413 ferebant,
1122 1369 1294 1401 manus
1323 1371 1432 1402 suas
1453 1355 1657 1404 evadere

239 1431 532 1496 impossibile
555 1431 692 1478 foret.

303 1508 396 1555 Sed
418 1509 519 1573 ipse
545 1508 858 1555 nihilominus
886 1509 935 1554 in
958 1524 1045 1555 sua
1067 1508 1297 1556 immotus
1324 1508 1658 1574 perseverabat

240 1584 508 1645 obsidione,
534 1602 635 1633 sese
657 1587 797 1632 etiam
825 1585 887 1632 ad
909 1585 1262 1650 excipiendum,
1289 1587 1328 1633 si
1349 1586 1659 1651 aggrederen-

240 1673 317 1710 tur
361 1680 472 1711 eum
509 1664 692 1723 hostes,
738 1663 987 1726 diligenter
1029 1680 1085 1710 ac
1130 1664 1328 1711 solerter
1364 1681 1653 1730 praeparans.

239 1740 507 1788 Currebant
535 1740 694 1788 adhuc
724 1741 849 1787 inter
886 1743 1177 1787 Francorum
1211 1758 1373 1805 regem
1411 1751 1459 1789 et
1500 1743 1658 1808 ipsum

239 1826 431 1881 treugae,
466 1834 570 1882 quae
594 1834 724 1865 anno
751 1818 995 1882 superiore
1019 1818 1142 1864 inter
1173 1835 1255 1866 eos
1290 1820 1418 1867 initae
1451 1819 1654 1882 fuerant,

241 1895 477 1944 duraturae
509 1913 660 1960 usque
694 1895 756 1942 ad
791 1895 935 1942 finem
964 1896 1142 1942 mensis
1173 1897 1374 1961 aprilis¹.
1410 1900 1556 1959 Quae,
1597 1915 1658 1946 ne

239 1984 611 2039 prorogarentur
631 1974 756 2020 inter
776 1989 878 2030 eos,
905 1982 1004 2020 tota
1025 1974 1284 2021 Germania
1308 1975 1512 2022 maxime
1530 1991 1659 2023 vere-

239 2050 398 2099 batur.
428 2051 567 2098 Unde
595 2051 694 2115 ipse
726 2051 986 2115 imperator
1015 2050 1207 2098 crebras
1236 2068 1326 2116 pro
1355 2068 1411 2098 ea
1434 2067 1486 2098 re
1511 2062 1558 2099 et
1579 2053 1657 2100 alii

240 2127 506 2188 Germaniae
524 2127 764 2192 principes
785 2127 1045 2190 legationes
1073 2127 1135 2174 ad
1159 2131 1452 2176 Francorum
1474 2145 1651 2193 regem,

241 2215 289 2252 et
308 2205 411 2252 vice
433 2220 584 2263 versa,
609 2204 876 2261 mittebant,
905 2214 1169 2267 satagentes
1194 2216 1241 2252 ut
1266 2223 1322 2252 ex
1345 2206 1531 2254 duabus
1550 2222 1656 2272 par-

242 2281 367 2330 tibus
387 2299 629 2346 aggressus
657 2281 1050 2344 Burgundionum
1068 2282 1182 2344 dux,
1205 2293 1251 2330 et
1272 2284 1418 2330 veluti
1438 2284 1652 2348 quodam

243 2359 390 2406 modo
413 2359 683 2416 conclusus,
709 2359 870 2424 plagas
904 2375 1023 2423 quas
1052 2359 1095 2406 ei
1126 2360 1408 2422 tendebant,
1443 2361 1653 2409 nullate-

243 2453 333 2483 nus
355 2448 516 2501 posset
537 2437 742 2501 effugere
756 2439 785 2482 ¹.

297 2594 335 2630 1.
358 2592 463 2629 Cette
480 2593 604 2639 treve,
621 2591 752 2643 signee
766 2591 802 2630 le
826 2593 875 2630 13
890 2591 975 2639 juin
993 2593 1108 2640 1474,
1123 2591 1251 2630 devait
1267 2591 1386 2631 durer
1398 2580 1558 2644 ffusques
1576 2602 1615 2631 et
1631 2608 1656 2645 y

242 2650 410 2701 compris
431 2649 470 2687 le
490 2652 546 2687 1*Γ
564 2651 640 2688 mai
668 2653 788 2690 1475.
817 2650 979 2704 Lenglet
999 2650 1233 2702 Dufresnoy,
1257 2653 1483 2699 Contmines,
1514 2660 1542 2690 t.
1573 2655 1651 2701 111,

244 2724 282 2762 p·
296 2712 459 2810 2'i2i'bir
476 2769 513 2807 le
531 2770 641 2808 traite
660 2771 796 2808 conclu
814 2774 836 2808 a
853 2771 1083 2810 Andemach
1105 2771 1142 2809 le
1165 2774 1210 2810 31
1238 2771 1443 2811 decembre
1463 2775 1564 2811 1474
1583 2786 1654 2825 par

244 2831 476 2881 l’empereur
494 2838 532 2867 et
549 2829 606 2867 les
628 2830 813 2868 electeurs
832 2829 880 2867 de
899 2830 1084 2881 l'Empire
1102 2843 1197 2869 avec
1223 2830 1278 2868 les
1305 2831 1656 2882 plenipotentiaires
