2054 3470
402 310 478 347 432
825 310 983 347 INDEX
1015 310 1381 348 CAPITULORUM.

451 428 674 477 apprehendi
692 430 778 464 etin
797 442 973 465 carcerem
989 430 1079 465 mitti
1097 430 1178 465 fecit
1194 443 1295 465 suum
1318 430 1534 467 cardinalem
1549 405 1812 480 Andega-MG¹³³

456 500 597 523 vensem
619 496 654 522 et
673 487 878 536 episcopum
892 487 1150 523 Vin-dunensem
1155 515 1709 528 ........................
1739 491 1810 526 208

402 581 614 617 Carnum
631 593 726 620 xm.
743 601 792 610 —
808 583 861 616 De
877 581 1165 617 reconciliatione
1180 582 1299 617 Caroli
1319 594 1400 617 cum
1418 579 1604 619 Ludovico
1621 596 1715 631 rege,

450 653 617 688 germano
633 653 718 685 suo,
741 653 784 676 ex
801 653 869 687 qua
888 640 1054 676 ducatum
1080 642 1297 688 Aquitaniae,
1316 642 1556 678 renuntiando
1573 643 1719 679 ducatui

450 701 692 748 Nox-manniae,
713 713 780 749 pro
796 699 1016 736 haereditaria
1032 701 1197 748 portione
1211 701 1362 749 accepit.
1387 727 1707 740 ..............
1742 703 1810 738 214
1871 729 1878 736 .

919 890 1058 925 LIBER
1081 890 1300 930 TERTIUS.
1333 908 1336 910 ’

403 1021 616 1056 eurr-mm
629 1031 785 1055 ramum.
802 1039 850 1046 -
866 1021 920 1054 De
947 1022 1098 1068 appulsu
1120 1023 1255 1057 comitis
1277 1022 1322 1058 de
1340 1023 1513 1067 Waroich,
1533 1023 1578 1058 de
1595 1023 1721 1071 Anglia
1766 1022 1771 1025 ’

451 1080 602 1127 fugitivi,
621 1079 667 1115 ad
689 1080 808 1114 littora
828 1081 1073 1124 Normanniae‚
1094 1094 1176 1115 cum
1196 1081 1317 1129 praeda
1339 1083 1494 1130 plurima
1510 1082 1555 1118 de
1572 1082 1722 1118 navibus

451 1149 485 1175 et
503 1140 608 1175 bonis
627 1139 851 1174 subditorum
876 1139 976 1175 ducis
998 1140 1228 1188 Burgundiae3
1253 1150 1288 1177 et
1306 1154 1388 1176 cum
1409 1151 1542 1189 quanto
1565 1143 1685 1178 favore
1699 1154 1722 1176 a

451 1213 532 1247 rege
550 1201 771 1235 Francorum
787 1208 952 1247 exceptus
970 1199 1035 1233 fuit
1040 1226 1642 1237 ..........................
1643 1191 1666 1236 ’.
1680 1226 1690 1235 .
1704 1226 1714 1235 .
1745 1200 1814 1235 218

405 1288 615 1332 Garri-mnu
628 1309 669 1331 11.
689 1315 737 1323 —
754 1297 805 1330 De
819 1296 973 1331 amicitia
991 1287 1176 1332 conciliata
1193 1310 1257 1344 per
1276 1298 1496 1332 Francorum
1510 1310 1648 1344 regem,
1666 1297 1723 1332 in-

452 1366 503 1391 ter
523 1358 770 1403 Margaretam,
790 1356 988 1402 Anglorum
1005 1357 1183 1403 reginam,
1205 1366 1239 1392 et
1257 1358 1332 1404 ejus
1351 1358 1486 1402 filium,
1504 1366 1540 1392 et
1556 1358 1722 1395 comitem

450 1415 495 1450 de
516 1415 690 1454 Warviclz5
718 1423 752 1449 et
776 1414 820 1449 de
841 1415 951 1461 ipsius
975 1416 1113 1450 comitis
1134 1416 1289 1463 rapinis,
1313 1424 1348 1450 et
1369 1416 1475 1463 classe
1499 1426 1622 1452 contra
1640 1429 1722 1452 etun

450 1475 617 1508 instructa
632 1485 695 1520 per
711 1472 838 1507 ducem
853 1473 1083 1520 Burgundiae.
1107 1500 1714 1510 ..........................
1745 1475 1814 1512 223

404 1572 614 1607 emmaum
639 1583 694 1606 111.
713 1591 756 1596 —
775 1571 828 1604 De
849 1570 978 1605 foedere
999 1583 1163 1618 percusso
1186 1571 1280 1605 inter
1303 1572 1521 1607 Francorum
1546 1584 1663 1619 regem
1688 1581 1722 1607 et

450 1631 648 1677 principem
661 1629 823 1672 walliae,
843 1629 1043 1664 interventu
1062 1629 1200 1664 comitis
1215 1629 1259 1664 de
1280 1631 1434 1665 Waroieh
1442 1655 1715 1666 ............
1746 1631 1814 1664 227

404 1727 614 1761 Cari-runnu
637 1738 688 1762 1v.
704 1744 753 1750 —
771 1726 824 1759 De
845 1724 981 1759 insidiis
1006 1724 1172 1760 adversus
1193 1724 1320 1759 ducem
1337 1724 1550 1772 Burgundiae
1568 1737 1632 1772 per
1648 1736 1724 1760 me-

451 1785 552 1820 dium
570 1784 752 1825 Balduini,
769 1785 886 1819 fratris
903 1785 957 1818 sui
973 1786 1157 1828 naturalis,
1170 1785 1378 1819 machinatis
1393 1777 1430 1819 ²et
1448 1784 1607 1828 detectis,
1622 1793 1726 1832 atque

450 1843 609 1891 ejusdem
626 1843 792 1878 Balduini
812 1844 916 1878 celeri
934 1844 1016 1890 fuga
1019 1869 1596 1879 .........................
1596 1891 1600 1895 ¹
1609 1869 1715 1879 .....
1746 1843 1768 1877 2
1770 1843 1814 1877 34

404 1941 613 1975 emmo-11
637 1953 672 1975 v.
689 1960 737 1967 —
747 1939 906 1983 Qualiter
923 1938 1171 1986 hujuscemodi
1186 1939 1370 1974 molimina
1388 1946 1571 1986 comperta
1585 1937 1721 1984 liquido

450 2001 604 2041 fuerunt,
628 2007 662 2040 et
681 1997 726 2032 de
745 1998 936 2044 gratiarum
955 1998 1093 2032 actione
1117 2007 1151 2032 et
1173 1996 1489 2044 supplicationibus
1510 1995 1558 2031 ad
1581 1998 1696 2031 Deum
1708 2022 1719 2040 ,

451 2071 518 2105 pro
541 2057 632 2092 duce
655 2057 700 2092 ab
721 2056 853 2092 eisdem
869 2063 1099 2104 praes'ervato,
1126 2069 1147 2090 a
1171 2055 1320 2091 subditis
1336 2056 1407 2090 suis
1425 2055 1569 2102 publice
1582 2056 1724 2102 ‘ubique

451 2116 550 2150 factis
555 2139 1714 2150 .................................................
1746 2114 1815 2148 240

404 2209 615 2245 Cunnum
628 2221 678 2246 v1.
698 2227 748 2235 —-
763 2206 922 2251 Qualiter
941 2219 1058 2241 comes
1081 2205 1126 2241 de
1148 2205 1304 2241 Warviclz
1322 2205 1361 2240 in
1379 2205 1541 2252 Angliam
1560 2205 1698 2253 appulit
1709 2230 1720 2248 ‚

451 2269 645 2303 Henricum
662 2280 683 2302 e
707 2279 846 2302 carcere
863 2266 901 2300 in
924 2278 1042 2313 regem
1061 2265 1228 2308 restituit;
1256 2273 1291 2300 et
1314 2264 1501 2300 Edoardus
1525 2277 1587 2299 rex
1610 2276 1721 2311 regno

450 2329 595 2364 excessit
616 2336 650 2362 et
669 2327 705 2361 in
726 2325 951 2361 Hollandiam
970 2325 1117 2372 trajecit.
1134 2352 1142 2359 .
1157 2351 1167 2360 .
1182 2351 1191 2360 .
1206 2351 1214 2359 .
1230 2351 1239 2359 .
1254 2351 1262 2359 .
1277 2350 1287 2359 .
1301 2350 1310 2359 .
1325 2350 1334 2358 .
1349 2350 1358 2358 .
1372 2350 1381 2358 .
1395 2350 1404 2358 .
1420 2350 1429 2358 .
1445 2350 1453 2358 .
1467 2350 1476 2359 .
1491 2349 1524 2369 ·÷
1539 2349 1717 2359 ........
1746 2323 1814 2357 244

405 2424 615 2459 Cunnum
634 2434 697 2457 vn.
716 2440 765 2448 —
778 2419 986 2464 Quomodo,
1004 2418 1174 2454 Edoardo
1189 2420 1311 2466 pulso,
1332 2419 1448 2454 statim
1462 2431 1525 2453 rex
1545 2417 1718 2467 oppidum

453 2481 747 2525 Sancti-Quintini
769 2489 803 2515 et
824 2480 1096 2514 Ambianensem
1120 2479 1294 2514 civitatem
1316 2478 1559 2514 fraudulenter
1574 2479 1719 2526 recepit.
1745 2478 1813 2512 247

406 2586 618 2620 Garri-uum
633 2590 708 2618 vm'.
725 2601 774 2609 —
790 2581 948 2625 Qualiter
966 2580 1040 2616 dux
1055 2579 1267 2627 Burgundiae
1290 2579 1588 2615 Abbatis-Viuam
1603 2579 1722 2615 muni-

452 2644 503 2678 vit
514 2671 524 2687 ‚
540 2643 719 2678 castellum
734 2640 778 2676 de
790 2642 958 2689 Piquegny
974 2648 1213 2687 expugnatum
1228 2639 1386 2677 incendit
1402 2648 1437 2674 et
1450 2640 1643 2674 Ambianos
1660 2639 1722 2674 ob-

453 2703 543 2739 sedit
551 2725 1713 2740 .................................................
1743 2698 1809 2733 25¹

406 2800 616 2836 Cart-mmm
630 2812 680 2834 1x.
703 2819 744 2824 --
760 2796 919 2842 Qualiter
933 2794 1134 2838 Edoardus,
1145 2807 1207 2830 rex
1220 2795 1428 2842 Anglorum,
1445 2807 1601 2831 reversus
1619 2802 1669 2830 est
1683 2794 1720 2829 in
