2054 3470
421 350 498 386 126
793 349 1136 387 HISTORIARUM
1163 347 1400 386 LUDOVICI
1426 349 1484 385 XI

419 437 586 503 oppidi
620 437 928 495 Pontisarae¹,
957 436 1018 484 ab
1041 435 1278 500 aliquibus
1307 452 1364 483 ex
1399 435 1696 502 principibus
1730 455 1838 504 per-

419 531 606 575 suasus,
633 513 695 562 ad
724 530 892 560 eorum
927 512 1152 560 deficiens
1188 522 1368 578 parteS,
1408 513 1645 578 oppidum
1677 515 1837 580 ipsum

419 592 486 639 eis
504 591 807 639 contraderet
819 593 848 636 ².
877 593 986 648 Quo
1007 591 1179 637 nuntio
1198 607 1279 638 rex
1297 601 1494 656 accepto
1511 591 1651 640 valde
1664 592 1835 641 dolens

419 678 467 716 et
489 678 685 716 moestus
706 668 902 715 effectus
919 677 1011 728 est,
1035 684 1093 714 eo
1108 667 1242 731 quod
1266 667 1547 715 adversariis
1560 669 1661 716 suis
1676 679 1839 724 trans-

420 745 510 792 itus
533 755 725 810 apertus
749 745 894 803 foret,
922 762 1008 810 per
1034 761 1206 810 quem,
1241 746 1512 793 transmissa
1531 749 1684 809 Isara,
1717 750 1838 795 Nor-

419 826 666 873 manniam
702 816 893 888 aggredi
936 833 1159 888 possent,
1204 823 1613 888 quemadmodum
1655 836 1703 874 et
1737 842 1838 874 non

420 904 573 950 multo
596 912 706 968 post
723 902 1032 949 subsecutum
1054 902 1157 949 fuit.

485 984 596 1027 Erat
619 979 904 1043 Rothomagi
926 996 1046 1027 uxor
1073 979 1260 1027 domini
1287 981 1413 1029 Petri
1443 980 1504 1028 de
1531 984 1693 1029 Bresc'⁸
1712 1021 1725 1043 ‚
1753 983 1838 1030 ha-

419 1059 538 1106 bens
561 1059 611 1106 in
634 1075 782 1106 manu
812 1075 898 1106 sua
927 1058 1195 1106 custodiam
1218 1059 1339 1106 arcis
1369 1058 1583 1122 ejusdem
1608 1061 1832 1121 civitatis,

419 1153 524 1200 quae
557 1137 874 1185 munitissima
910 1136 1114 1197 exsistit,
1145 1136 1280 1200 cujus
1313 1137 1514 1185 maritus
1548 1137 1803 1202 praedictus
1821 1174 1834 1199 ,

418 1214 527 1262 licet
543 1215 604 1262 de
619 1215 847 1262 comitatu
871 1215 995 1278 regis
1013 1224 1059 1261 et
1077 1214 1138 1261 de
1161 1214 1307 1279 ipsius
1322 1213 1538 1279 partibus
1555 1225 1699 1273 esset,
1718 1216 1836 1263 dum

418 1293 633 1357 praelium
667 1292 845 1339 factum
890 1301 960 1338 est
995 1291 1056 1339 ad
1103 1292 1519 1340 Montem-Hericii
1534 1327 1546 1350 ,
1587 1301 1749 1340 tamen
1787 1294 1836 1340 in

418 1369 656 1434 praeludiis
676 1368 930 1417 conflictus
947 1385 976 1415 a
990 1368 1221 1415 militibus
1239 1369 1377 1433 regiis
1393 1369 1708 1434 interemptus
1725 1369 1833 1416 fuit:

419 1448 552 1512 quod
583 1465 683 1495 non
712 1448 814 1495 sine
835 1447 971 1511 jussu
998 1456 1045 1493 et
1080 1446 1276 1493 scientia
1311 1446 1433 1510 regis
1461 1456 1710 1511 pat-ratum·
1736 1447 1839 1512 ipsa

418 1542 501 1572 sua
521 1525 696 1589 conjux
720 1525 976 1589 pluresque
998 1523 1078 1571 alii
1106 1524 1247 1571 fuisse
1282 1523 1559 1572 credebant.
1588 1528 1838 1574 Lamenta-

417 1602 575 1650 biliter
596 1603 756 1666 itaque
786 1611 920 1648 tanto
955 1600 1174 1648 orbatam
1206 1602 1378 1649 marito
1415 1614 1464 1648 se
1498 1601 1670 1650 videns
1692 1612 1837 1667 atque

418 1678 827 1727 irremediabiliter
845 1695 1040 1742 gemens
1064 1688 1112 1725 et
1129 1678 1322 1740 dolens,
1346 1679 1571 1742 cogitavit
1588 1680 1838 1743 quomodo

417 1759 562 1805 talem
596 1758 819 1821 injuriam
851 1757 1014 1804 ulcisci
1036 1767 1212 1821 posset.
1246 1760 1359 1804 Erat
1389 1767 1436 1805 et
1459 1758 1509 1805 in
1531 1757 1702 1805 eadem
1723 1768 1838 1806 tunc

388 1896 391 1898 q
419 1836 537 1883 urbe
555 1836 826 1883 Ludovieus
839 1871 852 1895 ,
872 1835 1099 1882 naturalis
1115 1834 1238 1882 filius
1256 1835 1444 1882 comitis
1459 1834 1520 1882 de
1533 1834 1833 1898 Alba-Mala⁴,

418 1913 671 1979 episcopus
695 1913 986 1976 Bajocensis,
1020 1912 1174 1959 dictus
1197 1912 1466 1976 patriarcha
1487 1911 1837 1976 Hierosolymi—

418 2000 574 2039 tanus.
601 1994 643 2037 Is
676 2008 789 2038 cum
810 1990 1052 2055 praefatam
1075 1989 1325 2036 dominam
1354 1989 1549 2054 ejusque
1582 1989 1833 2051 maritum,

418 2085 529 2115 cum
551 2068 755 2126 viveret,
778 2067 1038 2132 plurimum
1061 2066 1300 2130 diligeret,
1323 2067 1397 2114 vel
1414 2067 1616 2115 modum
1635 2067 1833 2128 invenit,

417 2144 492 2191 vel
527 2145 722 2191 auctrici
759 2161 842 2190 seu
882 2144 1131 2190 inventrici
1167 2144 1373 2190 dominae
1397 2142 1632 2208 praedictae
1665 2161 1836 2192 assen—

418 2238 523 2268 sum
550 2220 773 2285 praebuit,
796 2221 1044 2284 quomodo
1071 2220 1187 2267 urbs
1211 2221 1315 2285 ipsa
1336 2221 1733 2285 Rothomagensis
1751 2221 1837 2268 de-

420 2299 578 2347 ficeret
596 2308 643 2346 et
664 2298 725 2346 ad
743 2308 926 2364 partem
941 2298 1215 2363 principum
1236 2298 1576 2346 foederatorum
1595 2299 1830 2346 transiret.

471 2433 512 2468 1.
541 2430 675 2470 C’etait
694 2443 749 2468 un
768 2429 958 2481 capitaine
978 2428 1115 2482 appele
1134 2429 1251 2468 Louis
1267 2427 1437 2468 Sorbier.
1460 2427 1604 2469 Chron.
1629 2428 1760 2466 scand.

472 2491 510 2528 2.
541 2492 595 2528 Le
615 2491 660 2526 21
686 2488 918 2540 septembre.
1256 2492 1261 2495 ’

475 2551 514 2588 3.
544 2552 690 2587 Jeanne
710 2547 762 2585 du
781 2547 1059 2599 Bec—Crespin,
1095 2549 1116 2584 a
1145 2547 1212 2598 qui
1238 2550 1275 2585 le
1299 2546 1380 2594 roi,
1407 2546 1487 2584 lors
1513 2545 1562 2584 de
1588 2558 1658 2585 son
1682 2546 1837 2586 dernier

420 2622 565 2661 voyage
588 2611 609 2646 a
626 2611 785 2657 Rouen,
808 2608 912 2646 avait
929 2607 1051 2645 confie
1071 2607 1108 2645 la
1133 2607 1251 2660 garde
1278 2606 1331 2644 du
1351 2606 1526 2644 chateau.
1547 2608 1620 2644 Les
1639 2606 1768 2645 lettres
1787 2606 1837 2646 de

418 2669 532 2723 grace
551 2668 618 2720 qui
636 2668 692 2706 lui
713 2668 841 2705 surent
858 2667 1063 2706 aecor-dees
1081 2681 1181 2719 pour
1196 2681 1238 2706 sa
1255 2667 1426 2706 trahison
1444 2674 1511 2705 ont
1529 2666 1590 2705 ete'
1611 2666 1836 2719 imprimees

419 2743 490 2782 par
506 2728 667 2781 Lenglet
684 2727 919 2778 Dufresnoy,
942 2730 1150 2766 Commines
1163 2757 1173 2776 ‚
1194 2737 1222 2766 t.
1246 2730 1300 2776 ΙΙ,
1321 2741 1361 2779 p.
1384 2728 1475 2765 566.

473 2794 510 2830 4.
539 2789 656 2829 Louis
678 2788 726 2827 de
753 2791 965 2836 Harcourt,
986 2788 1135 2839 eveque
1164 2788 1212 2826 de
1231 2792 1388 2839 Bayeux
1407 2794 1445 2825 et
1466 2785 1683 2839 patriarche
1700 2785 1749 2826 de
1767 2786 1834 2825 Je'-

419 2850 608 2899 rusalem,
629 2849 687 2888 fils
706 2849 857 2888 naturel
876 2848 929 2887 du
952 2847 1017 2887 feu
1035 2857 1160 2887 comte
1178 2847 1396 2887 d'Aumale.
