2054 3470
414 329 465 366 98
775 325 1118 363 HISTORIARUM
1145 324 1380 362 LUDOVICI
1407 324 1464 361 XI

414 431 512 462 non
543 410 774 479 perituras
793 429 909 477 opes
930 422 978 459 et
1005 412 1257 459 mendaces
1279 412 1466 458 divitias
1493 412 1596 459 sine
1617 413 1819 460 termino

413 501 460 538 et
504 492 606 538 sine
651 490 799 537 modo
843 506 1100 552 congerere
1134 499 1180 536 et
1216 489 1459 536 cumulare
1495 499 1698 552 quaerat,
1738 490 1822 537 sed

413 568 560 615 animi
578 568 770 613 virtutes
788 575 835 612 et
849 566 1041 630 spiritus
1057 565 1201 624 dona,
1222 581 1326 629 quae
1341 581 1451 611 vere
1467 564 1820 613 dominatorem

411 645 642 692 invictum
667 659 1007 706 securumque,
1035 652 1083 689 et
1109 643 1337 689 veraciter
1364 658 1547 704 regem,
1579 658 1821 706 possesso—

410 737 512 767 rem
534 736 673 767 suum
693 718 918 766 efficiunt.
945 717 1197 765 Bellissime
1215 719 1409 782 quidem
1433 719 1636 782 tragicus
1661 721 1816 767 canit:

703 819 897 871 Nescitis,
921 818 1065 878 cupidi
1087 819 1261 871 arcium,

702 891 895 949 Regnum
918 905 1003 947 quo
1020 890 1158 945 jaceat
1179 888 1292 932 loco.

703 962 862 1020 Regem
883 976 970 1002 non
995 961 1156 1003 faciunt
1175 975 1278 1019 opes
1294 993 1304 1013 ,

703 1033 802 1075 Non
820 1032 945 1074 vestis
966 1032 1085 1090 tyriae
1109 1032 1240 1086 color,

703 1103 802 1146 Non
824 1103 973 1145 frontis
994 1114 1097 1145 nota
1110 1104 1253 1162 regiae,

702 1175 800 1216 Non
824 1190 928 1216 auro
949 1174 1097 1216 nitidae
1119 1174 1276 1217 trahes.

705 1246 792 1287 Rex
812 1256 876 1287 est
896 1246 967 1303 qui
987 1246 1129 1304 posuit
1150 1256 1286 1287 metus

702 1316 756 1358 Et
777 1315 858 1358 diri
880 1316 990 1358 mala
1013 1316 1211 1375 pectoris,

704 1387 844 1441 Quem
865 1403 953 1429 non
977 1388 1152 1429 ambitio
1174 1388 1386 1447 impotens

702 1459 757 1500 Et
779 1474 997 1516 nunquam
1019 1458 1178 1500 stabilis
1201 1458 1319 1501 favor

700 1530 827 1590 Vulgi
847 1531 1072 1590 praecipitis
1090 1543 1248 1578 movet.

409 1631 464 1674 Et
485 1636 651 1674 caetera
669 1645 774 1692 quae
795 1628 843 1674 in
868 1626 1079 1676 carmine
1100 1625 1298 1690 pulchre
1321 1626 1655 1675 subtexuntur.

471 1707 580 1751 Haec
602 1721 690 1769 pro
710 1714 842 1751 tanto
861 1703 1086 1761 diximus,
1106 1712 1158 1749 ut
1175 1719 1387 1750 errorem
1404 1713 1545 1767 atque
1570 1704 1814 1752 stultitiam

409 1781 766 1828 ostenderemus
787 1779 1152 1828 ambitiosorum
1174 1780 1274 1843 qui,
1299 1779 1514 1843 neglecto
1532 1779 1700 1827 ordine
1716 1780 1818 1843 jus-

409 1856 519 1902 titiae
532 1892 545 1914 ‚
584 1873 640 1903 ex
676 1856 880 1903 aliorum
913 1854 1086 1919 opibus
1104 1864 1168 1901 'et
1201 1855 1343 1902 bonis
1378 1871 1462 1903 sua
1494 1856 1697 1920 imperia
1733 1854 1815 1903 ad-

408 1950 582 1997 augere
595 1944 639 1981 et
651 1933 848 1980 dilatare
857 1941 1092 1996 quaerunt,
1103 1932 1293 1994 qualem
1307 1941 1421 1978 tunc
1438 1942 1485 1979 et
1504 1932 1813 1997 postmodum

406 2011 549 2058 etiam
576 2010 660 2075 [se]
689 2010 936 2068 habuisse,
970 2026 1027 2055 ex
1053 2007 1207 2054 verbis
1238 2008 1334 2055 suis
1358 2025 1462 2072 quae
1488 2010 1810 2071 recitavimus,

406 2096 548 2150 atque
566 2103 623 2133 ex
643 2086 774 2133 factis
790 2087 904 2146 suis,
928 2085 1057 2132 hunc
1078 2083 1391 2144 Ludovicum,
1416 2086 1550 2149 cujus
1568 2103 1642 2134 res
1664 2097 1815 2150 gestas

408 2164 754 2227 prosequimur,
779 2163 962 2226 liquido
984 2171 1185 2208 constat.
1212 2162 1355 2219 Quod
1378 2172 1426 2209 et
1446 2162 1494 2209 in
1518 2157 1813 2228 consequen·

408 2239 534 2288 tibus
555 2240 848 2287 manifestius
871 2238 1133 2303 apparebit.

824 2431 1159 2478 CAPITULUM
1191 2433 1397 2478 XXVIII.

488 2548 680 2595 Quomodo
700 2548 864 2591 Carolus,
881 2547 989 2582 frater
1003 2547 1110 2594 regis,
1128 2559 1147 2580 e
1162 2547 1310 2583 Pictavis
1323 2549 1442 2583 volens
1457 2548 1494 2583 in
1513 2548 1727 2585 Britanniam

973 2599 1146 2635 adductus
1161 2600 1239 2637 fuit.

471 2710 785 2778 Prius[quam]
811 2720 969 2758 tamen
1001 2709 1259 2774 quidquam
1289 2711 1429 2757 armis
1451 2711 1641 2774 aggredi
1672 2712 1811 2760 vellet

406 2808 503 2852 rex,
524 2790 626 2855 ipse
644 2789 814 2835 iterum
835 2787 997 2833 volens
1009 2785 1180 2833 ducem
1194 2787 1442 2850 ssritaniiiae
1460 2788 1808 2835 commonitum
