2054 3470
702 316 848 353 mmm
873 315 1146 353 SECUNDUS.
1401 299 1404 302 ’
1554 316 1624 352 121

225 423 385 455 comes
402 405 463 452 de
481 402 726 451 Charolois
737 437 749 461 ‚
773 411 848 462 ut,
868 401 1060 449 obviam
1078 402 1145 449 eis
1161 401 1420 449 adveniens
1433 438 1445 460 ‚
1465 413 1632 453 contra

226 491 384 548 regem
406 483 562 548 ipsum
593 496 737 544 quem
764 478 987 526 advolare
1015 478 1247 526 sentiebat
1262 516 1274 537 ‚
1303 496 1554 526 succursus
1586 491 1632 528 et

226 558 548 609 subventionis
574 556 800 623 praeberet
826 556 1014 614 solatia,
1037 557 1312 603 transmisso
1338 555 1536 603 flumine
1555 558 1633 604 Se-

226 654 416 704 quanae,
440 635 720 700 campestria
757 634 835 682 illa
865 634 1029 689 Belciae
1057 634 1258 699 petierat
1269 636 1299 690 ¹,
1326 649 1355 680 a
1378 634 1514 680 terris
1535 636 1632 681 suis

226 714 428 763 multum
463 729 512 759 se
546 711 772 776 elongans
803 722 850 759 et
884 728 1037 776 usque
1067 710 1129 758 ad
1162 711 1338 758 viscera
1379 711 1514 775 regni
1547 728 1633 759 au-

226 791 386 857 dacter
406 798 679 855 penetrans.
705 792 877 836 Parum
898 789 988 836 sibi
1017 788 1218 836 fideliter
1238 798 1284 834 et
1309 788 1512 836 honeste
1541 789 1633 854 ipsi

226 871 437 918 Britones
450 905 462 929 ,
482 878 609 916 retro
633 867 882 927 abeundo,
910 868 1063 915 vicem
1084 866 1411 914 reddiderunt.

287 951 564 1014 Speraverat
593 957 640 995 et
660 957 1009 1013 exspectaverat
1034 947 1211 995 habere
1235 963 1396 994 comes
1424 947 1485 995 de
1511 949 1630 995 Clza-

225 1026 368 1079 roloz's
388 1027 500 1074 satis
517 1027 792 1092 tempestive
809 1042 949 1072 suum
974 1025 1299 1073 marescallum
1326 1026 1630 1090 Bmgundiae,

223 1103 727 1170 cumpquadringenutis
765 1103 942 1152 lanceis
978 1102 1371 1166 Burgundionum
1407 1119 1630 1163 suorum;

223 1185 362 1233 simul
378 1185 521 1232 etiam
536 1194 589 1231 ut
607 1200 771 1231 secum
793 1200 1076 1230 concurrere
1093 1183 1322 1231 deberent
1336 1183 1491 1230 caeteri
1509 1183 1637 1247 prin-

224 1263 354 1328 cipes
388 1261 722 1322 confoederati,
759 1278 870 1308 cum
902 1261 998 1307 suis
1033 1260 1206 1325 copiis,
1240 1259 1457 1307 videlicet
1491 1259 1636 1307 duces

227 1338 477 1407 Borponii,
502 1338 727 1386 Calabriae
757 1348 804 1385 et
826 1339 1178 1396 Nemorcensis‚
1204 1347 1346 1402 atque
1368 1354 1530 1385 comes
1552 1341 1638 1384 Ar-

226 1417 468 1477 miniaci’3
494 1417 578 1464 sed
597 1416 715 1464 dum
738 1415 1003 1481 periculum
1027 1425 1214 1479 urgeret
1234 1432 1530 1480 praesensque
1553 1415 1636 1462 ad-

228 1494 364 1555 foret,
379 1494 600 1542 nondum
623 1495 791 1558 aliquis
809 1510 975 1540 eorum
1001 1493 1296 1552 adventarat,
1311 1493 1420 1540 licet
1440 1492 1638 1539 condic-

229 1581 305 1618 tus
329 1571 431 1618 dies
453 1572 726 1636 praeteriisse
761 1571 1020 1630 diceretur,
1051 1587 1148 1634 quo
1187 1571 1236 1616 in
1276 1587 1426 1617 uuum
1459 1586 1635 1617 conve-

229 1649 353 1696 nisse
376 1657 519 1712 atque
540 1636 731 1696 collecti
748 1665 847 1695 esse
869 1647 1162 1694 debuissent.

291 1728 545 1773 Transacto
588 1725 730 1789 igitur
774 1725 902 1772 dicto
949 1725 1245 1771 tumultuoso
1283 1734 1331 1771 et
1379 1723 1639 1789 plurimum

226 1803 430 1851 confuso
458 1803 717 1850 certamine
750 1802 879 1867 apud
911 1802 1338 1860 Montem-Hericii‚
1372 1818 1483 1849 cum
1506 1803 1555 1848 in
1578 1819 1637 1849 eo

226 1921 343 1960 taient
358 1922 467 1973 point
487 1923 509 1959 a
526 1929 662 1972 quatre
683 1921 803 1960 lieues
824 1922 874 1960 de
895 1922 1113 1973 Montlhery
1131 1923 1168 1960 le
1191 1924 1242 1960 16
1254 1922 1395 1971 juillet,
1420 1922 1583 1974 puisque
1602 1922 1639 1961 le

227 1983 279 2020 15
303 1981 433 2031 juillet
460 1994 514 2019 un
543 1980 692 2019 officier
725 1981 773 2020 de
802 1982 839 2020 la
874 1982 1023 2020 maison
1055 1981 1103 2019 de
1137 1983 1367 2034 Bourgogne
1398 1981 1558 2020 ccrivait
1590 1982 1639 2021 de

226 2040 384 2080 l’armee
408 2041 462 2079 du
482 2050 606 2079 comte
632 2041 680 2079 de
706 2042 901 2080 Charolais
929 2045 1048 2092 qu'on
1076 2041 1179 2079 avait
1204 2042 1242 2079 la
1269 2041 1450 2080 nouvelle
1480 2055 1556 2093 que
1582 2042 1638 2080 les

226 2102 386 2140 Bretons
419 2100 560 2139 etaient
593 2102 615 2138 a
646 2100 911 2141 Chateaudun.
942 2105 1176 2140 Documents
1210 2101 1348 2139 inedits
1363 2132 1373 2150 ‚
1418 2104 1613 2153 Me'langes
1626 2131 1637 2149 ,

227 2169 256 2200 t.
281 2163 334 2210 11,
355 2174 395 2213 p.
416 2163 508 2200 350.

281 2222 319 2262 1.
346 2221 436 2260 Cela
452 2229 511 2259 est
528 2221 605 2259 mal
624 2219 690 2260 dit.
712 2223 767 2259 Le
788 2229 912 2259 comte
932 2220 980 2259 de
1000 2220 1197 2259 Charolais
1218 2222 1377 2259 s'arreta
1394 2222 1416 2258 a
1434 2213 1612 2272 ssmmpes
1626 2252 1636 2271 ,

227 2293 299 2332 par
314 2281 550 2331 consequent
566 2283 717 2319 n'entra
734 2280 842 2332 point
859 2293 907 2318 en
928 2283 1091 2318 Beauce.

282 2342 322 2378 2.
357 2358 375 2375 κ
398 2343 471 2378 Les
495 2339 588 2378 dues
616 2340 664 2378 de
691 2339 895 2388 Bourbon,
920 2340 968 2378 de
994 2340 1154 2379 Calabre
1179 2350 1217 2379 et
1242 2341 1291 2379 de
1313 2341 1521 2383 Nemours,
1543 2339 1641 2378 ainsi

228 2413 303 2451 que
319 2401 357 2440 le
373 2409 498 2440 comte
516 2401 788 2454 d'Armagnac.
810 2420 826 2435 n
846 2404 900 2439 Le
919 2401 994 2439 duc
1010 2400 1057 2439 de
1074 2401 1256 2439 Bourbon
1276 2410 1315 2440 et
1332 2401 1388 2439 les
1407 2403 1641 2452 Armagnacs

228 2459 408 2498 venaient
428 2461 476 2499 de
494 2461 740 2499 traiter⁴avec
759 2461 795 2498 le
814 2460 873 2498 roi
890 2463 912 2498 a
928 2460 1041 2498 Riom
1053 2491 1063 2508 ‚
1085 2469 1122 2498 et
1145 2460 1193 2498 de
1217 2464 1418 2513 s'engager
1436 2462 1458 2497 a
1475 2459 1643 2511 ⁴deposer

230 2515 287 2554 les
303 2529 440 2556 armes.
459 2518 511 2556 Ils
529 2519 718 2557 violerent
736 2519 822 2557 leur
839 2528 1008 2557 serment
1033 2529 1071 2558 et
1092 2520 1246 2558 vinrent
1267 2533 1308 2558 se
1323 2518 1476 2567 joindre
1495 2531 1588 2556 avec
1604 2518 1640 2556 le
1663 2537 1676 2548 ·

231 2583 356 2614 comte
377 2575 425 2614 de
443 2577 638 2616 Charolais
657 2578 786 2628 quand
810 2579 857 2616 ils
883 2579 1081 2630 apprirent
1107 2592 1149 2616 sa
1170 2579 1332 2617 victoire
1356 2581 1379 2616 a
1404 2577 1635 2627 Montlhery.

230 2636 358 2683 Quant
377 2648 428 2673 au
443 2636 516 2674 duc
531 2637 579 2675 de
595 2637 770 2686 Calabre,
791 2638 956 2676 l'auteur
972 2638 1010 2676 le
1025 2651 1179 2676 nomme
1195 2639 1216 2675 a
1237 2645 1313 2674 tort
1330 2649 1424 2675 avec
1439 2637 1494 2674 les
1506 2636 1640 2674 confe-

232 2692 342 2731 deres
360 2693 414 2732 du
433 2695 539 2734 midi.
567 2697 600 2734 ll
622 2698 910 2749 accompagnait
931 2697 967 2736 le
986 2698 1177 2736 mare'chal
1197 2696 1245 2734 de
1266 2700 1517 2748 Bourgogne‚
1539 2694 1642 2732 avait

234 2753 294 2791 ete
315 2753 441 2792 ecarte
462 2767 610 2793 comme
630 2755 685 2794 lui
700 2756 748 2795 de
769 2757 806 2795 la
824 2757 1070 2808 Champagne
1090 2766 1128 2795 et
1146 2756 1354 2806 s'avancait
1371 2768 1441 2807 par
1462 2754 1499 2791 la
1517 2756 1640 2790 Bour-

235 2824 373 2863 gogne.
389 2815 489 2851 Tous
504 2812 605 2851 deux
620 2813 866 2866 rejoignirent
879 2815 981 2853 aussi
993 2815 1105 2865 apres
1121 2815 1158 2852 13
1173 2813 1326 2852 bataille
1342 2813 1390 2850 de
1406 2811 1637 2860 Montlhery.
