2054 3470
682 293 831 331 LIBER
858 290 1126 330 SECUNDUS.
1539 292 1615 330 ¹49

197 403 287 453 pro
321 385 497 451 quibus
525 382 669 430 etiam
688 417 703 438 ‚
743 379 806 427 ad
842 380 974 426 eam¹
993 378 1154 442 ⁸digne
1191 378 1495 426 referendam
1513 416 1526 439 ‚
1564 396 1615 427 se

197 466 358 513 minus
380 461 664 511 sufficientes
691 456 966 506 ducebant?
1004 457 1124 514 Quis
1141 494 1154 515 ‚
1192 457 1418 522 inquam,
1457 457 1617 504 existi-

197 559 329 590 mare
357 555 571 604 unquam
605 545 791 602 posset,
825 534 960 600 quod
986 533 1160 582 talibus
1183 535 1424 598 tantisque
1444 533 1614 581 officiis

197 630 340 684 atque
373 615 616 665 beneficiis
639 612 891 680 praeventi‚
925 622 1067 660 tantae
1100 611 1311 678 perfidiae
1341 621 1390 658 et
1422 611 1616 675 ingrati-

192 696 402 756 tudinis,
434 694 534 741 imo
562 692 825 740 saevissimae
857 700 906 738 et
943 689 1281 738 abominandae
1318 688 1615 737 crudelitatis

193 773 347 821 vicem
381 770 647 836 rependere
682 764 984 816 voluissent?
1018 768 1153 815 Certe
1181 767 1341 814 nullus
1375 782 1490 813 sana
1507 802 1520 826 ,
1562 775 1617 813 ut

191 849 431 898 credimus
447 885 461 908 ,
494 857 656 895 mente
686 846 737 893 id
763 844 1019 893 verisimile
1051 860 1268 909 unquam
1290 844 1610 903 existimaret,

191 936 472 990 tantumque
509 942 538 973 a
560 941 677 972 vero
703 923 948 982 abhorret,
972 932 1026 970 ut
1058 921 1218 988 [aliud
1240 921 1432 983 credat,
1468 938 1617 986 quam

189 1003 354 1070 quod]
386 1003 688 1070 exploratum
709 1001 1092 1066 solidissimeque
1114 1009 1419 1066 compertum
1438 999 1614 1047 habui-

189 1099 295 1130 mus
308 1085 338 1143 ¹,
365 1081 485 1130 nulli
508 1079 733 1147 [scilicet]
755 1080 974 1127 omnium
1001 1079 1275 1126 mortalium
1303 1078 1579 1144 principum
1597 1115 1610 1139 ,

189 1169 296 1225 post
319 1159 493 1207 ducem
522 1176 686 1220 suum,
724 1159 852 1206 cives
878 1156 1287 1221 Rothomagenses
1319 1166 1612 1221 caeterosque

188 1253 358 1285 omnes
385 1236 702 1303 provinciales
726 1236 832 1301 plus
850 1235 1053 1282 honoris
1071 1244 1215 1299 atque
1234 1233 1583 1282 benevolentiae
1595 1270 1609 1293 ,

188 1330 336 1379 quam
359 1324 476 1362 tunc
497 1315 589 1380 ipsi
613 1316 865 1361 Britonum
889 1313 1003 1361 duci
1035 1313 1104 1376 (si
1131 1328 1234 1360 non
1261 1312 1541 1376 iniquorum
1566 1321 1614 1359 et

188 1409 449 1458 pravorum
464 1392 721 1440 satellitum
734 1391 1166 1452 circumventione,
1193 1392 1258 1439 ita
1274 1406 1303 1438 a
1323 1399 1457 1438 recto
1479 1401 1611 1455 coep-

188 1479 337 1534 toque
360 1470 611 1518 defecisset
631 1471 819 1534 itinere)
844 1469 1030 1517 deferre
1050 1468 1278 1517 voluisse.

253 1547 347 1595 Sed
369 1557 416 1595 et
437 1564 539 1594 non
559 1563 731 1612 parum
750 1548 983 1595 miramur
1004 1546 1066 1594 de
1088 1562 1260 1594 eorum
1281 1545 1608 1593 inconsidera-

187 1624 321 1672 tione
339 1625 423 1690 qui
438 1624 511 1672 vel
535 1625 644 1672 talia
661 1624 1014 1690 improbissime
1027 1612 1322 1689 confingere,
1341 1623 1418 1671 vel
1437 1622 1610 1670 talibus

187 1701 455 1748 vanissimis
485 1701 721 1765 figmentis
743 1700 891 1748 fidem
913 1702 1284 1749 accommodare
1314 1709 1578 1766 potuerunt
1592 1735 1605 1759 ‚

187 1794 328 1835 cum,
365 1779 535 1844 procul
569 1778 747 1840 dubio,
783 1789 937 1826 tantas
961 1789 1258 1827 armatorum
1290 1779 1455 1843 copias
1477 1776 1607 1825 idem

185 1854 282 1902 dux
314 1855 476 1904 adhuc
510 1873 673 1904 secum
702 1856 927 1916 haberet,
959 1873 1092 1922 quae,
1129 1855 1214 1903 ubi
1246 1856 1342 1904 hoc
1372 1864 1606 1903 attentare

185 1931 592 1997 Rothomagenses
613 1933 875 1981 voluissent
890 1972 902 1994 ,
926 1951 1028 1982 non
1052 1933 1202 1981 modo
1221 1950 1271 1981 se
1296 1933 1421 1981 tueri
1440 1949 1470 1981 a
1492 1933 1608 1981 civi·

183 2008 303 2072 bus,
330 2011 416 2059 sed
443 2012 587 2059 etiam
609 2011 808 2073 urbem,
840 2012 888 2058 in
915 2029 1063 2078 quam
1084 2013 1151 2060 eis
1173 2011 1294 2060 liber
1314 2011 1508 2077 patebat
1537 2012 1607 2058 in-

183 2103 387 2151 gressus,
415 2089 741 2137 coarctatione
768 2100 1065 2137 armatorum
1105 2099 1152 2138 et
1180 2089 1400 2155 subigere
1436 2088 1524 2136 sibi
1561 2099 1609 2136 et

182 2165 416 2231 diripere,
457 2157 640 2231 absque
668 2167 979 2216 reluctatione
1000 2205 1012 2227 ,
1049 2168 1334 2233 potuissent.
1371 2168 1607 2215 Fatiscant

180 2242 324 2306 igitur
344 2242 641 2309 perfidorum
664 2254 711 2292 et
740 2245 1220 2296 mendacissimorum
1241 2245 1498 2293 hominum
1518 2244 1608 2291 l'm-

183 2335 310 2382 guae,
338 2321 451 2384 qui,
478 2321 653 2368 talibus
676 2323 899 2382 inventis,
925 2339 1063 2370 suam
1087 2333 1246 2386 tegere
1268 2323 1603 2387 ignominiam,

185 2404 233 2442 et
275 2398 470 2462 optimis
506 2407 648 2463 atque
686 2399 1032 2447 honestissimis
1071 2401 1248 2447 civium
1280 2400 1498 2448 moribus
1534 2409 1605 2446 ta-

183 2474 302 2522 lium
333 2477 673 2542 figmentorum
714 2479 913 2527 nebulas
956 2479 1202 2528 falsissime
1237 2480 1490 2542 obducere,
1522 2496 1606 2526 co-

186 2552 285 2599 nati
317 2564 448 2610 sunt,
485 2565 532 2603 et
562 2572 669 2616 eos,
715 2557 927 2605 insontes
967 2568 1110 2622 atque
1151 2559 1570 2606 innocentissimos
1591 2592 1603 2615 ,

186 2638 285 2676 tam
307 2632 479 2678 atrocis
507 2633 695 2680 sceleris
721 2636 1072 2700 compositione
1095 2636 1198 2684 ausi
1219 2647 1332 2684 sunt
1353 2636 1604 2683 infamare.

242 2740 261 2776 1
274 2767 282 2774 .
310 2739 498 2790 Suppleez
514 2743 695 2791 gratiam.

240 2799 277 2837 2.
309 2797 525 2837 Habeamus
544 2799 638 2839 dans
658 2801 697 2840 le
714 2814 782 2840 ms.
