2054 3470
393 341 469 379 358
758 345 1099 385 HISTORIARUM
1125 346 1362 385 LUDOVICI
1389 348 1445 384 xl

389 430 694 478 multitudine
706 433 920 496 equitum
933 443 980 482 et
992 433 1208 498 peditum
1217 434 1514 495 tutabantur;
1533 453 1623 485 nec
1635 439 1805 503 procul
1860 484 1869 490 ,

387 525 470 557 rex
484 509 586 574 ipse
601 511 894 558 Francorum
912 510 1094 558 aberat.
1111 512 1256 575 Igitur
1270 529 1380 559 cum
1397 513 1527 561 idem
1545 515 1804 580 Anglorum

386 603 469 635 rex
498 587 561 635 ad
603 588 757 653 ripam
789 588 1036 651 fluminis¹,
1069 606 1127 637 ex
1164 600 1296 654 parte
1325 600 1561 646 terrarum
1593 595 1804 658 Burgun-

384 664 587 712 dionum
614 664 772 724 ducis,
798 675 950 712 castra
974 675 1177 713 metatus
1205 666 1367 714 fuisset
1377 669 1406 724 ²,
1441 678 1802 735 coarctatusque

382 740 478 788 illic
504 750 551 788 et
577 740 746 788 diebus
770 741 953 806 aliquot
982 751 1271 802 remoratus,
1307 744 1452 809 coepit
1482 746 1685 810 experiri
1716 746 1801 794 ali-

381 818 530 865 menti
551 828 599 865 et
624 817 788 882 pabuli
819 828 865 864 et
895 819 1209 883 pecuniarum
1230 821 1483 884 penuriam
1507 831 1650 885 atque
1673 823 1802 872 defe-

380 906 529 944 ctum.
555 898 773 960 Cumque
795 895 940 960 aliqui
969 896 1029 943 de
1054 897 1150 943 suis
1178 896 1239 943 ad
1260 897 1591 962 pabulandum
1622 901 1800 949 flumen

379 973 776 1037 pertransiissent,
799 973 926 1020 illico
943 974 993 1020 in
1010 973 1182 1021 milites
1199 977 1509 1033 Francorum,
1529 977 1613 1042 qui
1631 995 1801 1026 eorum

378 1049 756 1115 opperiebantur
788 1050 1075 1111 adventum,
1112 1051 1438 1110 incurrerunt,
1467 1054 1548 1117 qui
1574 1069 1656 1101 eos
1678 1055 1801 1102 virili

379 1126 555 1173 robore
567 1136 710 1190 atque
726 1128 1028 1174 animositate
1044 1127 1349 1192 excipientes,
1369 1129 1614 1177 nonnullis
1631 1147 1799 1178 eorum

375 1205 504 1253 caesis
521 1215 603 1252 aut
617 1207 765 1270 captis
776 1242 788 1266 ,
805 1205 1015 1270 reliquos
1028 1206 1228 1271 pavidos
1243 1217 1290 1254 et
1304 1216 1561 1256 trementes
1573 1209 1623 1256 in
1640 1209 1799 1274 fugam

373 1293 652 1346 coegerunt.
685 1286 753 1329 Ex
782 1300 881 1347 quo
907 1283 1141 1344 deterriti,
1173 1285 1257 1347 qui
1289 1285 1351 1331 in·
1369 1286 1535 1332 castris
1565 1287 1801 1334 constite—

373 1370 497 1421 rant,
524 1370 810 1425 perurgente
834 1377 917 1407 eos
939 1361 1083 1408 etiam
1106 1360 1248 1419 fame,
1277 1361 1412 1408 nullo
1433 1362 1582 1410 modo
1601 1364 1801 1413 transire

373 1437 554 1485 flumen
577 1448 722 1502 atque
744 1437 958 1485 hostium
984 1437 1168 1502 ingredi
1191 1448 1338 1485 terras
1357 1440 1458 1487 ausi
1478 1439 1693 1501 fuerunt;
1715 1441 1800 1491 sed

372 1515 495 1580 inter
524 1532 575 1562 se
607 1525 963 1562 murmurantes
995 1526 1042 1562 et
1073 1525 1242 1562 contra
1271 1533 1412 1562 suum
1442 1534 1630 1581 regem,
1666 1519 1800 1583 quod

371 1593 682 1640 circumventi
704 1593 877 1654 forent,
900 1610 992 1640 nec
1011 1594 1078 1640 eis
1103 1592 1223 1641 fides
1245 1611 1274 1642 a
1297 1594 1420 1643 duce
1446 1597 1730 1660 Burgundiae
1751 1607 1800 1646 et

371 1671 473 1718 aliis
508 1672 557 1718 in
591 1671 742 1718 Gallia
776 1670 867 1718 sibi
907 1671 1144 1718 foederatis
1175 1681 1443 1719 servaretur
1474 1672 1604 1736 (qui,
1644 1684 1698 1722 ut
1731 1675 1800 1723 eis

371 1749 639 1814 pollicitum
664 1749 831 1807 fuerat,
854 1766 904 1796 se
929 1767 1023 1797 una
1045 1749 1337 1813 conjungere
1359 1750 1666 1816 debuerant),
1688 1769 1802 1817 que-

371 1826 492 1874 relas
508 1843 705 1890 magnas
722 1827 783 1874 de
799 1827 1074 1892 proditione
1090 1837 1135 1874 et
1151 1826 1353 1892 perfidia
1372 1844 1512 1890 agere
1530 1840 1795 1893 coeperunt,

371 1905 508 1968 quasi
530 1905 580 1950 in
605 1905 763 1952 fauces
789 1915 836 1951 et
859 1905 909 1951 in
936 1921 1107 1951 manus
1130 1894 1345 1952 hostium
1371 1904 1591 1969 perducti
1612 1908 1799 1972 exposi-

371 1982 503 2046 tique
522 1998 624 2028 esse
642 1981 937 2028 viderentur.
959 1984 1175 2045 Cumque
1197 1982 1246 2027 in
1270 1981 1372 2028 dies
1390 1981 1544 2045 major
1565 1998 1622 2030 ac
1645 1985 1798 2048 maj0r

372 2059 521 2105 fames
541 2075 624 2105 eos
646 2069 920 2123 perurgeret
943 2059 1385 2123 constringeretque
1408 2060 1686 2122 necessitaS‚
1714 2064 1798 2127 qui

371 2135 502 2182 velut
523 2135 799 2183 effoeminati
819 2151 876 2182 ac
894 2135 1098 2182 nimium
1118 2135 1305 2201 pavidi,
1335 2153 1424 2183 nec
1448 2136 1572 2185 infra
1589 2140 1798 2187 Franco-

372 2229 481 2260 rum
505 2212 679 2259 limites
703 2211 877 2277 pedem
908 2212 1085 2260 intrare
1113 2212 1371 2275 auderent,
1409 2215 1554 2280 coepit
1580 2232 1797 2265 murmur

373 2303 544 2336 eorum
570 2297 619 2336 et
640 2289 834 2353 querela
863 2297 967 2335 tum
989 2289 1216 2336 adversus
1239 2307 1377 2337 suum
1400 2307 1583 2354 regem,
1609 2301 1714 2339 tum
1748 2302 1796 2340 et

373 2366 601 2415 adversus
640 2365 887 2431 praefatum
920 2366 1094 2415 ducem
1125 2383 1181 2414 ac
1216 2383 1328 2414 suos
1366 2367 1620 2415 foederatos
1658 2369 1792 2416 inva-

374 2444 566 2491 lescere.
595 2464 598 2467 ·
1558 2505 1563 2510 ι

438 2521 584 2580 Quod
607 2538 715 2569 cum
738 2522 837 2587 ipse
864 2521 1121 2585 Anglorum
1143 2538 1226 2569 rex
1247 2522 1314 2569 ita
1335 2521 1440 2569 fieri
1462 2521 1668 2585 videret,
1693 2525 1794 2571 ani-

373 2615 604 2664 mumque
636 2616 750 2647 suos
778 2599 839 2646 ad
865 2599 1165 2647 invadendos
1192 2598 1354 2647 hostes
1377 2599 1599 2660 deficere,
1625 2600 1708 2666 qui
1729 2600 1793 2648 ad

429 2727 469 2826 ἓ.
497 2727 937 2827 ἓὸξῗίῐὲῐὲξξηῑ-Οἰιῑίεῐ
957 2783 1103 2829 (beside
1122 2798 1147 2823 a
1166 2784 1308 2836 village
1329 2784 1430 2823 calld
1445 2788 1644 2838 Seyncre)‚
1664 2788 1716 2825 οὺ
1733 2785 1790 2825 les

375 2846 532 2898 Anglais
549 2859 590 2884 se
601 2845 777 2890 ,tenaient
794 2857 933 2883 encore
955 2844 990 2883 le
1011 2846 1061 2882 13
1080 2845 1172 2882 aout
1191 2846 1308 2883 1475.
1327 2847 1486 2896 Rymer,
1504 2854 1532 2885 t.
1553 2847 1646 2894 XII,
1662 2859 1701 2898 p.
1721 2848 1786 2884 ¹4.
