2054 3470
740 318 887 355 LIBER
910 317 1109 356 PRIMUS.
1574 317 1624 356 99

224 408 376 455 facere
415 406 476 454 de
502 404 809 470 adimplendo
840 421 897 452 ea
929 420 1034 468 quae
1066 404 1127 452 ab
1153 405 1259 469 ipso
1295 403 1620 466 desiderabat,

224 485 350 531 misit
369 483 530 530 denuo
552 481 613 529 ad
636 481 860 528 eumdem
884 481 1058 528 ducem
1084 481 1310 528 comitem
1332 483 1621 530 Dunensem.

225 561 312 608 Cui
333 559 579 623 legationis
599 558 901 605 committens
922 574 1061 618 onus,
1083 558 1127 605 ei
1150 558 1303 604 minas
1321 574 1484 620 graves
1501 559 1626 607 intu-

224 637 330 684 lisse
349 635 490 700 vulgo
512 634 763 695 ferebatur,
790 635 830 682 si
855 651 979 693 non,
1011 634 1072 682 ad
1098 651 1210 682 eum
1235 644 1499 694 revertens,
1527 638 1627 683 voti

224 713 298 761 sui
325 713 675 760 exsecutionem
707 721 755 758 et
792 711 1195 776 complementum
1228 711 1512 775 acquisitum
1547 730 1627 760 re-

226 790 379 837 ferret.

288 870 444 926 Quam
465 866 749 930 legationem
769 866 944 912 invitus
965 865 1176 928 quodam
1201 865 1348 912 modo
1368 866 1629 931 suscipiens

223 944 351 992 idem
365 960 544 999 comes,
559 932 645 1000 ner
659 942 862 1005 Ligerim
878 943 925 988 in
946 942 1238 990 Britanniam
1254 942 1422 990 iterato
1438 943 1631 991 descen-

224 1021 308 1070 dit.
329 1023 504 1068 Verum
523 1021 635 1083 quia
650 1018 893 1066 diffidebat
909 1035 958 1066 se
974 1034 1002 1066 a
1017 1018 1139 1066 duce
1154 1035 1292 1083 posse
1307 1035 1364 1066 ea
1378 1022 1624 1084 consequi,

223 1114 328 1163 quae
351 1115 432 1145 rex
460 1097 562 1145 fieri
589 1095 811 1161 cupiebat
834 1106 882 1143 et
908 1095 999 1142 sibi
1022 1096 1355 1160 prosequenda
1377 1099 1628 1146 commise-

224 1185 319 1234 rat,
348 1175 523 1221 veritus
547 1190 646 1221 non
668 1172 754 1219 abs
777 1188 827 1219 re
853 1172 1004 1219 minas
1036 1173 1181 1236 regiS‚
1209 1188 1308 1219 non
1337 1173 1439 1221 siue
1462 1173 1629 1222 bono-

224 1268 331 1298 rum
346 1267 543 1298 suorum
559 1248 807 1296 mobilium
826 1247 1022 1295 meliore
1042 1250 1264 1314 portione
1283 1259 1353 1297 est
1370 1251 1626 1315 profectus.

225 1326 319 1374 Sed
339 1343 445 1374 eam
472 1342 632 1374 secum
660 1325 790 1384 tulit,
815 1325 1025 1372 incertus
1051 1342 1138 1386 an,
1166 1327 1348 1391 expleta
1367 1326 1626 1390 legatione,

226 1414 379 1452 tutum
393 1405 483 1452 sibi
501 1414 643 1468 atque
658 1402 930 1450 consultum
946 1403 1066 1450 foret
1080 1403 1141 1450 ad
1159 1421 1319 1467 regem
1339 1406 1507 1452 reverti
1527 1423 1633 1454 nec-

227 1498 304 1529 ne.
340 1481 500 1546 Atqui,
531 1497 641 1527 cum
669 1479 730 1526 ad
759 1479 931 1526 ducem
961 1496 1110 1542 usque
1139 1481 1427 1544 pervenisset
1456 1492 1502 1530 et
1533 1485 1631 1531 voti

226 1559 300 1606 sui
327 1574 486 1621 regem
517 1566 789 1620 compotem
818 1571 954 1619 posse
985 1554 1171 1602 efficere
1202 1556 1494 1621 desperaret,
1533 1575 1631 1607 non

228 1635 404 1682 oblitus
434 1651 539 1699 quae
563 1632 651 1680 sibi
677 1648 762 1697 per
789 1648 949 1695 regem
975 1632 1115 1678 minae
1142 1632 1382 1680 intentatae
1411 1633 1630 1696 fuissent,

227 1711 433 1760 decrevit
455 1710 660 1758 reditum
681 1726 823 1756 suum
847 1725 944 1755 non
968 1718 1226 1769 maturare,
1253 1709 1336 1757 sed
1360 1710 1536 1759 diutius
1557 1729 1633 1759 re-

228 1787 447 1835 morandi
470 1803 633 1833 causas
654 1786 932 1833 assumere¹.

291 1865 484 1913 Interim
499 1874 674 1923 autem,
698 1864 821 1910 inter
842 1862 1066 1926 plurimas
1093 1860 1265 1926 quibus
1289 1862 1451 1910 animo
1469 1874 1631 1914 aestua·

227 1942 309 1990 bat
348 1959 430 1989 rex
474 1957 635 2000 curas,
684 1950 738 1987 ut
784 1939 971 1986 tolleret
1015 1937 1275 1999 fastidium,
1324 1955 1383 1987 ex
1427 1943 1629 1990 Turonis

227 2019 289 2067 ad
319 2019 485 2066 urbem
515 2014 713 2065 pictavis
743 2033 792 2064 se
822 2015 1038 2063 contulit.
1075 2014 1233 2071 Unde,
1267 2031 1425 2062 versus
1453 2020 1630 2066 Vasco·

230 2095 372 2157 niam,
398 2095 459 2142 ad
480 2094 641 2142 nescio
662 2093 796 2158 quod
818 2091 1075 2139 oratorium
1102 2094 1249 2137 Beatae
1269 2091 1464 2155 Mariae’,
1488 2093 1632 2142 devo-

283 2209 322 2246 1.
350 2210 532 2245 L’auteur
549 2206 711 2252 revient,
732 2204 826 2242 dans
845 2204 881 2241 le
903 2201 1076 2253 chapitre
1091 2202 1259 2251 suivant,
1280 2215 1348 2241 sur
1365 2212 1463 2242 cette
1482 2205 1633 2244 ambas-

230 2266 335 2308 sade.
356 2279 404 2304 en
424 2267 478 2304 lui
500 2266 672 2304 donnant
696 2273 794 2303 cette
813 2263 884 2301 fois
902 2276 943 2300 sa
960 2261 1146 2300 veritable
1165 2261 1273 2309 date,
1293 2275 1360 2301 car
1377 2263 1451 2302 elle
1470 2274 1536 2303 eut
1554 2266 1631 2305 lieu

231 2337 280 2363 au
302 2333 469 2363 moment
486 2327 538 2363 οὺ
557 2338 598 2363 se
622 2323 803 2362 declarait
821 2322 858 2360 la
876 2321 1134 2372 conspiration
1163 2320 1216 2358 du
1242 2322 1337 2360 Bien
1362 2323 1516 2374 public,
1537 2326 1631 2366 dans

230 2382 393 2434 laquelle
409 2385 447 2422 le
463 2393 587 2422 comte
607 2383 654 2421 de
672 2382 820 2421 Dunois
838 2381 929 2419 etait
947 2380 1107 2433 engage.
1128 2380 1160 2417 Il
1186 2380 1306 2418 fallait
1324 2382 1566 2423 mentionner
1583 2387 1632 2424 ici

233 2455 308 2480 une
333 2451 440 2482 autre
457 2443 694 2488 ambassade,
716 2442 812 2479 celle
836 2440 975 2479 d'Odet
993 2439 1159 2492 d’Aydie
1182 2441 1333 2492 envoye
1352 2454 1404 2479 au
1428 2444 1488 2481 roi
1507 2458 1577 2496 par
1597 2447 1632 2484 le

233 2499 307 2538 duc
322 2500 371 2540 de
387 2504 572 2554 Bretagne
597 2503 636 2552 (2
658 2514 760 2539 mars
779 2502 895 2547 1465)
909 2529 920 2546 ,
941 2512 1031 2537 sous
1049 2499 1222 2549 pretexte
1241 2498 1435 2538 d'obtenir
1458 2515 1534 2541 une
1557 2518 1633 2542 en-

234 2565 367 2597 trevue
389 2561 440 2597 οὺ
461 2559 498 2598 le
517 2560 592 2598 duc
615 2574 655 2599 se
681 2560 797 2599 serait
821 2559 1025 2597 reconcilies
1044 2571 1139 2596 avec
1158 2558 1194 2595 le
1214 2558 1293 2606 roi,
1318 2560 1414 2598 mais
1431 2574 1479 2599 en
1502 2564 1635 2602 realite

234 2629 332 2667 pour
351 2617 505 2656 enlever
530 2618 566 2656 le
593 2619 724 2670 prince
749 2617 926 2664 Charles,
947 2629 1096 2655 comme
1124 2629 1174 2654 on
1204 2616 1240 2654 le
1270 2626 1426 2656 raconte
1448 2622 1633 2672 quelques

235 2675 356 2726 lignes
374 2675 460 2726 plus
476 2676 555 2716 bas.
577 2680 624 2716 D.
641 2677 800 2726 Morice‚
819 2679 997 2725 Preuves,
1020 2684 1046 2712 t.
1069 2678 1139 2723 ΠΙ,
1160 2675 1234 2715 col.
1253 2677 1319 2715 92.

288 2735 327 2774 2.
358 2735 549 2773 Plusieurs
565 2735 694 2774 lettres
711 2737 764 2774 du
782 2736 842 2774 roi
859 2736 926 2786 qui
943 2748 1040 2773 nous
1064 2744 1131 2773 out
1149 2735 1208 2772 ete
1229 2736 1457 2775 conservees
1475 2741 1519 2784 (J
1523 2767 1532 2776 .
1555 2742 1636 2777 Du-

236 2792 376 2843 clercq,
390 2793 418 2831 l.
435 2796 480 2840 V,
497 2793 558 2831 ch.
574 2793 683 2842 xxiij,
700 2802 738 2832 et
749 2797 980 2832 Documents
991 2793 1146 2839 inedits,
1164 2796 1370 2843 Melanges,
1385 2802 1413 2831 t.
1429 2798 1496 2844 H),
1517 2809 1638 2847 prou-
