2054 3470
389 347 466 385 ¹52
754 345 1096 385 HISTORIARUM
1122 346 1360 385 LUDOVICI
1387 347 1445 386 xl

387 450 563 501 magna
583 450 694 500 pars
717 450 919 482 suorum
941 432 1369 499 stipendiariorum
1383 473 1395 497 ,
1423 452 1529 502 quae
1553 419 1694 487 sead
1713 438 1807 488 fra-

388 521 514 560 trem
536 528 676 560 suum
700 511 991 574 contulerat,
1022 528 1219 577 sperans
1247 512 1335 560 sibi
1367 513 1429 561 ad
1460 531 1546 563 sua
1574 506 1808 581 stipendia

388 590 565 638 servire
595 600 643 638 et
662 589 886 652 militare,
909 606 1020 636 cum
1042 589 1262 638 viderent
1283 591 1605 639 defectionem
1624 594 1810 642 Britan-

387 669 478 716 niae
492 667 627 715 ducis
640 704 653 730 ,
674 677 721 715 et
738 684 845 733 spes
856 667 958 731 Jam
973 668 1039 716 eis
1063 668 1192 715 nulla
1210 667 1286 716 vel
1311 670 1511 718 minima
1529 681 1652 719 esset
1676 672 1810 737 quod

387 755 583 812 possent
611 744 847 811 stipendia
882 761 939 792 ex
969 744 1092 792 duce
1131 747 1436 795 Normanniae
1471 747 1719 812 obtinere,
1746 749 1810 797 ad

386 824 545 890 ipsum
561 841 722 889 regem
739 822 954 871 dietenus
971 822 1207 871 redibant.
1231 827 1364 882 Quos
1383 842 1552 874 omnes
1565 862 1578 887 ,
1599 843 1659 874 eo
1677 827 1811 892 quod

386 901 454 949 eis
470 911 575 949 tum
591 901 797 950 maxime
814 900 1048 964 indigeret
1061 939 1074 963 ,
1088 900 1242 949 libens
1265 912 1309 950 et
1325 903 1458 951 laetus
1473 904 1807 970 recolligebat3

385 980 485 1027 imo
507 979 652 1028 etiam
673 978 736 1027 ad
767 995 816 1026 se
833 1017 844 1037 ‚
870 978 1044 1044 quibus
1066 988 1255 1045 poterat
1276 981 1482 1042 artibus,
1509 982 1806 1044 retrahebat,

386 1067 441 1106 ut
462 1075 547 1107 eos
567 1058 773 1107 auferret
793 1058 925 1106 fratri
944 1074 1051 1106 suo,

845 1267 1190 1314 CAPITULUM
1224 1270 1350 1315 XIII.

433 1407 487 1441 De
502 1403 640 1440 insidiis
654 1412 690 1439 et
702 1402 971 1452 proditionibus
985 1414 1050 1451 per
1066 1401 1194 1439 ducem
1210 1403 1384 1438 Borbonii
1400 1412 1436 1439 et
1449 1416 1515 1451 per
1529 1415 1649 1452 regem
1663 1403 1767 1440 factis

812 1455 981 1492 adversus
994 1456 1123 1492 ducem
1143 1456 1388 1493 Normanniae.

455 1577 579 1622 Cum
607 1583 783 1623 autem
800 1573 961 1621 adhuc
993 1574 1190 1622 Carnoti
1204 1576 1218 1599 ²
1251 1584 1398 1635 esset,
1438 1573 1574 1622 finxit
1611 1591 1663 1623 se
1693 1574 1815 1624 velle

389 1670 502 1701 oum
533 1653 677 1699 fratre
711 1668 798 1698 suo
829 1667 999 1715 pacem
1020 1651 1347 1710 reconciliare,
1372 1660 1421 1699 et
1438 1652 1625 1700 mittere
1647 1669 1698 1700 se
1724 1669 1816 1718 pro

390 1731 483 1778 hac
525 1746 668 1778 causa
715 1728 954 1776 simulavit
998 1728 1173 1776 ducem
1206 1727 1436 1775 Borbonii
1469 1729 1531 1776 ad
1569 1729 1810 1777 eumdem.

393 1809 484 1868 Qui
503 1824 614 1855 cum
630 1807 680 1854 in
697 1802 866 1854 itinere
882 1817 1004 1854 esset
1015 1842 1028 1865 ,
1049 1807 1176 1853 misit
1192 1805 1544 1870 Rothomagum
1563 1805 1625 1853 ad
1640 1807 1817 1867 ducem

394 1884 701 1934 Normanniae
718 1884 914 1931 nuntios
931 1893 978 1930 et
996 1884 1220 1949 epistolas
1231 1921 1244 1944 ‚
1266 1882 1424 1930 verbis
1445 1893 1584 1930 utens
1604 1884 1817 1948 pacificis

393 1965 443 2012 in
483 1963 599 2011 dolo
633 1981 643 2008 ε
672 1962 961 2009 denuntians
995 1960 1086 2008 sibi
1119 1960 1322 2025 qualiter
1351 1976 1464 2007 eum
1496 1960 1560 2008 ad
1594 1977 1644 2008 se
1682 1961 1816 2029 [rex]

395 2041 625 2098 mitteret,
650 2039 849 2104 cupiens
872 2054 985 2084 cum
1006 2053 1067 2084 eo
1099 2036 1445 2084 rationabiliter
1466 2043 1514 2087 e't
1531 2037 1814 2101 tranquille,

395 2128 625 2182 tanquam
662 2132 775 2163 cum
813 2114 1121 2162 dilectissimo
1161 2113 1251 2161 sibi
1287 2124 1432 2178 atque
1465 2114 1611 2161 unico
1645 2114 1813 2178 fratre,

395 2209 690 2260 componere
715 2202 763 2240 et
783 2190 1059 2257 pacificare,
1085 2201 1132 2238 et
1166 2191 1382 2238 similiter
1417 2191 1543 2238 inter
1577 2192 1736 2257 ipsum
1770 2203 1819 2241 et

395 2271 648 2320 Britanniae
669 2270 868 2328 ducem,
894 2285 1105 2333 quorum
1133 2285 1255 2332 aegre
1277 2278 1324 2316 et
1345 2268 1651 2335 displicenter
1676 2270 1817 2318 intel·

394 2350 583 2398 lexisset
599 2347 869 2396 dissidium.

460 2427 672 2476 Credens
707 2436 868 2474 autem
899 2424 997 2472 dux
1034 2424 1340 2471 Normanniae
1366 2423 1565 2471 Carolus
1598 2423 1818 2488 hujusce-

395 2506 530 2555 modi
548 2505 729 2565 verbis‚
750 2519 840 2551 nec
862 2502 1031 2550 dolum
1049 2512 1132 2549 aut
1153 2502 1507 2549 simulationem
1530 2502 1813 2568 suspicatus,

395 2584 635 2650 rescripsit
671 2582 783 2630 duci
815 2580 1043 2628 Borbonii
1075 2579 1209 2645 quod
1234 2579 1298 2627 ad
1317 2589 1497 2627 certam
1526 2579 1656 2628 diem
1686 2581 1818 2646 apud

395 2661 756 2711 Locum-Veris²
776 2676 826 2707 se
849 2658 1113 2719 conferret,
1139 2658 1200 2706 ad
1236 2673 1381 2722 quem
1409 2657 1553 2705 etiam
1580 2674 1684 2706 sese
1715 2659 1818 2725 ipse

449 2805 467 2841 1
479 2832 488 2840 .
519 2804 621 2841 C’est
637 2799 763 2852 plutot
781 2800 803 2837 ὲ
819 2796 995 2837 Orleans.

449 2865 488 2903 Ξ.
517 2860 721 2901 Louviers.
