2054 3470
391 333 468 369 252
756 333 1100 371 HISTORIARUM
1126 333 1363 370 LUDOVICI
1390 333 1447 369 XI

457 425 639 469 Interea
659 431 819 469 autem
843 438 944 469 non
964 420 1176 469 cessabat
1198 420 1260 468 ad
1282 420 1494 467 futurum
1517 420 1700 468 bellum
1722 439 1805 470 ne-

390 499 590 546 cessaria
623 509 912 564 praeparare,
955 499 1308 563 exercitumque
1343 498 1709 562 undecumque,
1747 500 1808 548 de

390 577 614 624 omnibus
637 578 733 624 suis
757 578 891 624 terris
916 587 961 624 et
984 577 1209 623 dominiis
1239 592 1532 640 suorumque
1562 576 1808 625 foederato—

390 672 496 701 rum
511 692 523 715 ,
547 654 767 718 colligere
790 665 835 702 et
855 670 1167 718 congregare3
1196 653 1381 700 munire
1403 654 1545 701 etiam
1568 653 1809 702 limitanea

391 731 566 796 oppida
602 742 647 778 et
681 732 869 778 castella
886 769 897 788 ‚
923 741 1022 778 tam
1047 740 1214 778 contra
1243 730 1461 794 Anglicos
1490 747 1649 778 versus
1675 731 1809 779 Cale-

391 809 536 869 sium,
567 825 711 872 quam
741 818 908 855 contra
937 811 1229 855 Francorum
1261 808 1492 872 impetus,
1525 818 1623 854 tam
1646 824 1809 856 versus

328 944 330 946 Ι
391 886 712 949 Burgundiam
740 902 886 950 quam
914 886 1025 932 alias
1053 894 1196 932 terras
1223 901 1346 932 suas.
1372 887 1658 949 Quanquam
1680 887 1808 933 enim

391 964 451 1010 de
476 964 557 1010 illo
581 963 749 1010 illustri
782 963 983 1021 foedere,
1021 963 1140 1008 inito
1171 963 1296 1008 inter
1326 965 1617 1009 Francorum
1649 980 1809 1028 regem

392 1051 437 1088 et
459 1042 705 1106 praefatum
727 1041 991 1106 principem
1018 1039 1199 1086 Walliae
1214 1075 1226 1099 ‚
1253 1039 1372 1086 nihil
1395 1050 1498 1086 tum
1521 1040 1678 1087 adhuc
1699 1058 1809 1088 cer-

390 1128 493 1164 tum
527 1117 747 1178 haberet,
787 1117 847 1164 de
882 1117 1139 1163 inimicitiis
1173 1126 1334 1163 tamen
1367 1115 1490 1163 illius
1528 1118 1715 1165 comitis
1748 1119 1809 1166 de

393 1195 615 1242 Warviclz
655 1205 702 1241 et
748 1195 1001 1241 adversum
1043 1211 1092 1241 se
1123 1194 1430 1241 acerbissimo
1464 1194 1608 1256 odio,
1654 1212 1809 1259 neque

391 1288 584 1337 anceps,
621 1289 776 1336 neque
801 1272 1049 1336 ambiguus
1074 1281 1198 1330 erat;
1223 1281 1271 1318 et
1293 1280 1561 1335 propterea,
1587 1287 1699 1318 cum
1720 1289 1809 1337 pro

392 1360 606 1415 tempore
638 1368 750 1398 eum
772 1350 916 1415 potiri
947 1351 995 1396 in
1038 1349 1201 1413 Anglia
1230 1348 1396 1408 rebus,
1422 1349 1777 1413 Henricumque
1795 1387 1807 1409 ‚

391 1429 469 1474 cui
491 1427 770 1474 conciliatus
794 1437 916 1486 erat,
951 1427 999 1473 in
1030 1442 1229 1490 regnum
1255 1425 1512 1472 restituisse
1538 1441 1638 1472 non
1665 1426 1811 1489 igno—

391 1515 542 1565 raret,
590 1505 853 1569 prudenter
894 1520 944 1550 se
978 1513 1146 1550 contra
1175 1503 1350 1567 Anglos
1384 1503 1810 1550 communiendum

392 1582 543 1628 duxit.

456 1660 659 1706 Accessit
681 1669 840 1706 autem
863 1659 1054 1705 interim
1077 1657 1137 1705 ad
1160 1659 1295 1704 eum¹
1324 1656 1574 1710 Edoardus
1596 1672 1675 1704 rex
1693 1692 1706 1715 ,
1738 1673 1813 1704 so-

393 1737 548 1782 rorius
579 1753 719 1795 suus,
747 1745 799 1782 ut
821 1736 988 1782 solatia
1018 1735 1079 1781 ab
1108 1750 1166 1781 eo
1195 1734 1463 1798 auxiliaque
1488 1734 1724 1799 acciperet
1746 1734 1808 1781 ad

391 1814 773 1878 recuperandum
814 1830 1015 1876 regnum
1059 1829 1199 1859 suum
1243 1812 1443 1875 Angliae‚
1493 1828 1618 1876 quo,
1661 1811 1810 1858 modo

392 1909 535 1956 quem
560 1893 862 1957 praediximus
890 1891 1145 1956 profugus,
1178 1890 1406 1954 spoliatus
1438 1899 1553 1936 erat.
1588 1892 1704 1947 Quae
1737 1905 1811 1936 res

392 1986 502 2016 cum
535 1970 646 2016 duci
680 1969 963 2033 Burgundiae
999 1968 1351 2033 pernecessaria
1388 1976 1530 2031 atque
1567 1966 1811 2014 utilissima

393 2046 540 2106 foret,
570 2046 737 2092 eadem
761 2056 807 2092 et
831 2045 1034 2092 libenter
1061 2054 1106 2090 et
1133 2043 1515 2107 congratulanter
1543 2043 1672 2108 apud
1698 2060 1808 2090 eum

392 2123 588 2170 invenit.
615 2124 733 2170 Satis
752 2123 880 2169 enim
901 2121 1215 2168 verisimiliter
1233 2121 1451 2168 aestimari
1477 2130 1634 2185 potest
1654 2121 1808 2186 quod,

393 2202 431 2248 si
454 2217 528 2248 res
550 2200 768 2247 secundae
783 2237 794 2259 ‚
817 2198 1228 2263 quemadmodum
1248 2199 1382 2244 initio
1406 2198 1570 2245 comiti
1586 2198 1646 2245 de
1667 2202 1736 2244 W
1734 2217 1812 2246 ar-

394 2279 492 2325 vich
523 2278 826 2341 Henricoque
849 2277 946 2341 regi
969 2286 1014 2323 et
1038 2277 1133 2323 suis
1160 2285 1500 2340 provenerant,
1531 2291 1810 2340 permansu-

393 2405 597 2451 environs,
625 2417 675 2441 ou
702 2403 826 2455 plutot
851 2403 917 2441 des
942 2404 1123 2441 environs
1146 2402 1363 2450 d'Amiens,
1386 2414 1536 2439 comme
1554 2400 1809 2452 Vignacourt,

394 2464 522 2514 Belloy
545 2471 583 2501 et
599 2472 727 2501 autres
747 2463 938 2511 localites,
960 2465 1011 2501 οὺ
1029 2463 1065 2501 le
1085 2462 1159 2500 duc
1179 2474 1366 2513 promena
1390 2474 1459 2499 son
1483 2473 1615 2511 camp,
1642 2473 1721 2498 non
1744 2473 1812 2511 pas

394 2523 562 2574 pendant
586 2522 777 2574 plusieurs
801 2522 919 2570 mois,
948 2522 1041 2559 mais
1066 2521 1235 2573 pendant
1259 2520 1351 2558 trois
1369 2519 1558 2558 semaines
1578 2518 1810 2567 seulement,

389 2580 604 2633 jusqu'a'ce
624 2581 716 2632 qu'il
737 2594 777 2619 se
794 2583 948 2619 trouvat
967 2594 1015 2619 en
1034 2581 1137 2618 force
1158 2593 1257 2631 pour
1275 2579 1441 2631 assieger
1460 2578 1630 2616 Amiens.
1651 2578 1810 2616 Journal

396 2642 444 2680 de
462 2643 500 2680 la
521 2642 670 2680 Maison
691 2640 739 2679 de
762 2643 1013 2692 Bourgogne‚
1035 2640 1129 2677 dans
1149 2639 1308 2690 Lenglet
1325 2638 1559 2688 Dufresnoy,
1582 2640 1807 2685 Commines,

394 2709 421 2739 t.
445 2703 504 2750 ΙΙ,
525 2715 565 2752 p.
591 2702 680 2740 197.

451 2762 487 2800 1.
520 2759 822 2798 Anachronisme
833 2790 843 2807 ‚
866 2758 1028 2810 puisque
1051 2757 1087 2794 le
1103 2757 1162 2795 roi
1178 2757 1445 2809 d'Angleterre
1463 2754 1567 2793 avait
1579 2753 1773 2804 debarque
1788 2755 1809 2791 a

397 2819 432 2856 la
453 2822 561 2872 Haye
580 2818 683 2856 deux
702 2818 799 2856 mois
818 2826 934 2856 avant
953 2829 1028 2868 que
1048 2816 1084 2854 la
1103 2829 1242 2869 guerre
1261 2815 1409 2854 eclatat.
1429 2814 1639 2862 Ci-dessus,
1658 2827 1699 2864 p.
1714 2814 1808 2853 246.
