2054 3470
718 325 863 362 LIBER
887 323 1156 364 SECUNDUS.
1570 328 1646 365 103

237 416 375 465 ducis
405 411 787 469 AurelianensiS¹,
821 421 869 460 et
897 428 983 478 per
1013 411 1110 460 hoc
1140 412 1283 461 etiam
1317 429 1469 478 nepos
1502 415 1644 462 suus'

237 495 498 552 exsisteret,
523 490 663 539 simul
687 490 831 538 etiam
854 490 966 555 quia
984 506 1098 537 suus
1116 490 1285 538 frater³
1303 507 1415 539 eum
1436 492 1640 539 maxime

237 570 430 634 diligere
452 567 730 627 videbatur‚·
744 567 878 632 quod
895 567 1028 633 apud
1048 577 1307 632 utrumque
1327 579 1486 633 posset
1505 569 1637 634 quod

235 646 374 695 vellet
402 645 536 694 facile
569 644 814 711 perficere.
844 649 1045 707 Tamen,
1080 661 1142 693 an
1171 646 1236 693 ita
1268 645 1410 694 fuerit
1439 663 1521 694 rex
1551 647 1643 695 sibi

235 725 573 786 comminatus,
599 734 900 790 compertum
925 740 1024 771 non
1046 724 1156 771 satis
1176 723 1451 772 habemus‘.

297 806 402 869 Ipse
425 803 583 867 itaque
606 818 790 862 comes,
811 802 942 866 jussu
964 802 1118 866 regiO,
1144 817 1229 866 per
1254 801 1444 850 alveum
1467 802 1644 867 Ligeris

232 882 282 929 in
309 881 601 928 Britanniam
629 880 896 940 descendit;
930 879 1014 927 sed
1045 879 1254 927 mediam
1276 879 1473 944 quidem
1497 880 1643 946 profi-

231 958 412 1007 ciscens
427 959 712 1022 legationem
730 958 855 1019 fecit,
874 957 934 1006 de
951 975 1039 1006 suo
1056 967 1215 1006 autem
1231 958 1385 1006 reditu
1402 957 1466 1006 ad
1483 975 1644 1024 regem

232 1036 429 1083 minime
459 1036 698 1101 cogitavit.
735 1036 830 1083 Sed
857 1052 969 1083 cum
996 1045 1100 1083 tuto
1125 1052 1175 1083 se
1201 1036 1516 1083 constitutum
1540 1052 1643 1084 cer-

231 1123 365 1162 neret
398 1130 511 1162 cum
546 1124 680 1180 parte
714 1113 844 1162 bona
879 1130 974 1161 suae
1006 1113 1330 1179 supellectilis,
1366 1113 1462 1162 illie
1494 1131 1641 1180 quam

230 1191 292 1240 ad
322 1208 483 1257 regem
509 1193 682 1240 reverti
706 1192 874 1240 maluit
901 1192 1156 1239 consistere
1182 1202 1230 1240 et
1257 1194 1511 1255 remorari,
1543 1194 1643 1258 regi

221 1272 520 1320 ‘denuntians
550 1272 684 1335 quod
713 1288 764 1319 se
794 1272 992 1319 minime
1020 1280 1135 1318 tunc
1165 1271 1228 1319 ad
1257 1288 1308 1318 se
1338 1288 1642 1319 reversurum

233 1358 540 1415 exspectaret.
567 1351 689 1396 Cum
719 1358 878 1396 autem
904 1348 999 1395 illic
1028 1358 1170 1410 esset,
1206 1365 1503 1412 cognoscens
1530 1350 1641 1396 satis

232 1435 280 1472 et
305 1435 578 1491 perspectos
608 1425 791 1472 habens
821 1426 944 1487 regis
975 1434 1075 1472 tam
1106 1425 1316 1472 inciviles
1342 1442 1489 1490 quam
1520 1442 1641 1490 quo-

234 1501 495 1550 dammodo
517 1502 746 1550 barbaros
767 1512 813 1549 et
835 1502 1124 1549 inhumanos
1150 1518 1309 1549 mores
1330 1511 1378 1550 et
1398 1502 1638 1563 animum,

233 1579 295 1627 ad
331 1579 668 1628 inveniendam
698 1581 848 1641 viam,
885 1596 981 1644 qua
1017 1579 1239 1627 indomiti
1272 1590 1319 1627 et
1354 1581 1637 1643 voluntarii,

236 1657 394 1720 potius
418 1674 563 1722 quam
591 1657 740 1705 innixi
769 1658 977 1718 ratione,
1006 1673 1165 1704 mores
1188 1657 1337 1722 ipsius
1358 1657 1574 1705 edomari
1595 1667 1644 1706 et

232 1733 465 1782 civiliores
486 1745 628 1800 atque
653 1735 930 1783 urbaniores
950 1734 1112 1797 reddi,
1139 1744 1188 1782 et
1214 1734 1480 1800 respublica
1507 1736 1642 1799 regni

233 1810 366 1875 (quae
401 1821 499 1860 tota
536 1829 671 1878 paene
703 1812 908 1878 dilapsa,
927 1811 1047 1877 ,imo
1082 1821 1208 1859 certe
1241 1813 1399 1860 verius
1429 1812 1561 1860 nulla
1595 1822 1643 1860 et

231 1889 456 1937 exstincta
477 1890 604 1954 erat)
627 1891 677 1937 in
696 1899 868 1938 statum
890 1889 1138 1937 meliorem
1156 1890 1407 1938 instaurari
1425 1900 1638 1955 possent,

230 1981 341 2013 cum
368 1967 470 2015 aliis
503 1969 637 2032 regni
668 1967 988 2033 principibu5‚
1023 1977 1076 2015 ut
1105 1984 1188 2016 eos
1218 1969 1267 2015 in
1299 1983 1448 2016 unam
1479 1985 1643 2016 secum

231 2046 513 2092 sententiam
534 2045 808 2106 adduceret,
833 2047 1047 2093 animum
1068 2046 1295 2107 intendit,
1312 2055 1361 2093 et
1379 2062 1465 2111 per
1486 2046 1644 2094 varios

232 2124 443 2187 nuntios,
462 2135 509 2173 et
525 2125 747 2190 epistolas
758 2125 820 2173 ad
836 2125 1045 2190 singulos
1063 2126 1244 2186 missas,
1265 2126 1497 2191 practicas
1514 2126 1638 2173 fecit.

233 2201 327 2258 Qui
345 2217 456 2249 cum
475 2219 660 2262 omnes,
679 2202 860 2263 litteris,
879 2203 1038 2268 sigillis
1053 2213 1099 2251 et
1117 2203 1424 2252 sacramentis
1436 2203 1642 2251 invicem

237 2277 413 2326 traditis
443 2296 497 2327 ac
527 2281 764 2346 praesfflis,
791 2282 1050 2328 arctissime
1078 2291 1247 2328 mutuo
1270 2298 1372 2329 sese
1397 2281 1642 2340 devinxis-

236 2364 362 2415 sent,
387 2357 477 2404 sub
499 2359 696 2404 nomine
716 2358 907 2405 illustris
928 2358 1106 2423 praefati
1125 2358 1311 2406 domini
1329 2358 1507 2421 Caroli,
1536 2376 1643 2406 om-

240 2445 321 2478 ues
339 2432 425 2479 sibi
447 2434 661 2482 subditos
679 2435 741 2483 ad
758 2451 891 2484 arma
908 2446 1238 2484 convocarunt
1257 2447 1304 2484 et
1321 2438 1639 2486 concitarunt.

292 2585 330 2624 1.
360 2586 434 2624 Par
451 2599 492 2625 sa
511 2588 642 2636 mere,
664 2589 898 2642 Marguerite
918 2589 1135 2630 d’Orleans.

292 2644 333 2683 2.
361 2646 416 2682 Le
433 2655 555 2685 comte
573 2647 622 2701 de
639 2649 787 2688 Dunois
804 2649 908 2689 etant
925 2649 1028 2689 frere
1045 2651 1197 2690 naturel
1216 2650 1265 2689 de
1286 2652 1532 2704 Marguerite.

294 2704 331 2741 3.
362 2705 416 2741 Le
432 2704 533 2743 frere
552 2706 605 2744 du
622 2708 694 2747 roi.
745 2731 752 2736 ·
1235 2714 1237 2716 ’

291 2763 331 2801 4.
362 2765 542 2802 L’auteur
559 2767 702 2805 n'avait
721 2781 789 2819 pas
804 2769 876 2807 mis
896 2778 995 2808 cette
1013 2770 1168 2809 reserve
1188 2773 1210 2808 a
1229 2771 1267 2809 la
1283 2771 1475 2823 premiere
1493 2769 1646 2808 version

239 2820 332 2871 qu'il
352 2834 375 2859 a
394 2821 544 2862 donnee
561 2823 615 2862 du
632 2826 755 2865 meme
773 2827 855 2867 fait.
875 2828 1096 2878 Ci-dessus‚
1119 2843 1160 2881 p.
1182 2831 1246 2870 99.

449 2915 481 2937 11
