2054 3470
474 311 552 347 274
836 309 1177 346 HISTORIARUM
1204 309 1441 346 LUDovlcl
1468 310 1524 345 XI

474 398 754 446 authenticae
781 398 929 463 ipsius
962 397 1187 444 Ludovici
1202 433 1214 456 ‚
1256 400 1547 445 Francorum
1590 398 1739 461 regis,
1785 399 1885 463 ejus

475 491 621 523 manu
639 476 831 538 signatae
852 484 899 522 et
913 474 1064 538 sigillo
1084 473 1335 535 roboratae,
1361 474 1566 521 inventae
1586 485 1726 535 sunt3
1754 485 1801 523 et
1823 476 1884 524 ad

474 551 701 611 Edoardi,
726 551 899 599 deinde
926 551 987 599 ab
1013 552 1116 616 ipso
1135 550 1197 598 ad
1221 550 1356 598 ducis
1377 551 1767 615 Burgundionum
1793 569 1886 599 ma·

474 646 564 675 nus
584 629 795 693 perlatae,
823 629 1035 676 fecerunt
1058 628 1117 675 de
1136 627 1217 674 illo
1243 645 1325 675 eos
1348 628 1524 676 foedere
1550 638 1729 691 certOS,
1753 629 1884 693 quod

473 706 784 771 verisimiliter
806 707 934 770 ipsos
956 714 1150 770 perante
1173 704 1389 752 latuerat.

536 783 631 829 Sed
666 793 712 830 et
744 783 900 847 ipsum
937 782 1084 828 foedus
1115 791 1161 828 et
1190 793 1538 830 sacramentum
1569 800 1710 830 suum
1740 798 1886 847 quam

470 861 650 923 integre
673 870 720 906 et
741 860 1015 923 incorrupte
1041 859 1167 906 idem
1190 858 1458 907 Ludovicus
1482 861 1751 920 servaverit,
1779 861 1887 907 satis

469 935 654 1000 liquido
678 952 735 982 ex
756 935 855 994 his,
881 952 987 999 quae
1007 935 1172 998 gessit,
1198 934 1493 999 deprehendi
1514 946 1686 1001 potest.
1723 939 1886 994 Quan-

467 1031 613 1079 quam
636 1015 763 1061 enim
783 1051 795 1073 ‚
821 1013 999 1078 absque
1021 1030 1243 1078 expresso
1272 1014 1390 1060 scitu
1423 1024 1469 1060 et
1500 1031 1736 1062 consensu
1760 1015 1889 1079 prin-

467 1093 585 1157 cipis
618 1092 827 1157 praedicti
861 1092 1067 1153 Walliae,
1105 1108 1194 1138 nec
1227 1107 1423 1155 pacem,
1465 1108 1554 1138 nec
1590 1101 1777 1155 treugas
1806 1083 1888 1138 'vel

467 1169 800 1221 abstinentiam
825 1187 852 1216 a
876 1186 1067 1233 guerra,
1103 1186 1183 1216 seu
1215 1179 1707 1233 appunctuamentum
1737 1170 1890 1234 quod-

467 1264 674 1310 cumque
693 1263 803 1293 cum
835 1246 958 1294 duce
980 1246 1261 1311 Burgundiae
1285 1246 1598 1300 facturumse
1618 1247 1889 1310 juramento

468 1323 812 1382 adstrinxisset,
840 1339 928 1369 nec
950 1323 1063 1370 inde
1096 1322 1249 1369 ullum
1279 1322 1479 1369 verbum
1510 1332 1591 1369 aut
1621 1339 1888 1370 sermonem

469 1418 580 1447 cum
623 1417 682 1447 eo
714 1400 1017 1461 habiturum,
1054 1411 1240 1462 tamen,
1277 1400 1447 1447 eodem
1485 1400 1606 1447 duce
1647 1401 1695 1446 in
1730 1402 1890 1447 castris

471 1478 722 1524 exsistente
751 1486 798 1523 et
829 1477 1131 1524 obsidionem
1157 1487 1348 1524 tenente
1371 1486 1479 1524 ante
1502 1476 1890 1524 Ambianensium

470 1554 707 1601 civitatem
724 1591 735 1613 ‚
762 1571 873 1600 cum
897 1555 1095 1614 eodem,
1125 1554 1202 1601 die
1225 1571 1291 1601 1v.
1319 1555 1494 1600 mensis
1527 1554 1728 1618 aprilis¹‚
1764 1564 1891 1601 treu-

473 1650 553 1696 gas
586 1634 845 1678 trimestres
877 1631 1109 1691 firmavit,
1143 1641 1190 1678 et
1227 1631 1401 1679 deinde
1430 1648 1487 1678 ex
1524 1631 1733 1679 calendis
1759 1632 1891 1695 rjunii

476 1710 714 1774 sequentis
741 1709 803 1756 ad
826 1727 977 1756 unum
1003 1727 1185 1756 annum
1207 1710 1444 1771 integrum
1462 1702 1759 1774 prorogavit.

537 1790 608 1834 De
633 1786 807 1850 quibus
838 1786 1076 1852 prioribus
1104 1787 1279 1850 treugis
1311 1803 1421 1833 cum
1451 1786 1704 1850 praedictus
1733 1803 1891 1834 comes

474 1864 535 1910 de
553 1864 778 1911 Warviclz
811 1864 985 1910 certior
1008 1864 1156 1911 factus
1178 1864 1324 1924 soret,
1353 1863 1434 1926 qui
1458 1862 1646 1910 decimo
1677 1873 1784 1929 post
1815 1881 1893 1912 eas

476 1940 683 1988 firmatas
696 1941 773 1988 die
789 1940 947 1988 adhuc
969 1941 1016 1986 in
1037 1940 1260 1986 humanis
1278 1939 1464 2003 agebat,
1487 1950 1671 1987 tantum
1687 1940 1894 1989 doluisse

476 2019 639 2078 fertur,
655 2028 842 2065 tantum
865 2018 1093 2064 moestitiae
1111 2017 1360 2080 luctusque
1374 2017 1560 2064 duxisse
1575 2055 1587 2077 ‚
1612 2028 1664 2065 ut
1687 2034 1822 2083 paene
1844 2020 1892 2066 in

476 2096 856 2160 desperationem
871 2094 1109 2142 ceciderit.
1128 2094 1272 2151 Quod
1290 2111 1372 2158 per
1384 2111 1491 2141 suas
1502 2095 1680 2143 litteras
1697 2097 1807 2143 satis
1825 2097 1895 2143 in-

478 2173 657 2220 dicasse
687 2172 938 2232 ferebatur,
962 2187 1086 2235 quas
1107 2170 1170 2217 ad
1191 2171 1416 2217 eumdem
1438 2171 1735 2219 Ludovicum
1756 2172 1817 2220 de
1840 2189 1893 2220 ea

478 2268 530 2298 re
565 2250 776 2314 scripsit3
810 2249 859 2295 in
892 2247 1067 2313 quibus
1099 2248 1142 2295 ei
1174 2247 1482 2313 proditionis,
1519 2248 1726 2314 perfidiae
1753 2260 1895 2314 atque

475 2327 671 2393 perjurii
689 2326 890 2373 crimina
911 2325 1245 2391 exprobrabat.
1262 2325 1356 2372 Sed
1374 2343 1488 2373 cum>
1503 2325 1685 2389 talium,
1709 2337 1758 2374 ut
1776 2327 1895 2375 dixi-

477 2422 613 2465 mus,
646 2404 811 2451 artifex
839 2403 1189 2469 expertissimus
1216 2403 1399 2462 suisset‚
1432 2404 1543 2450 satis
1571 2403 1771 2466 dignum
1798 2406 1895 2453 suis

478 2484 655 2530 meritis
693 2483 867 2543 fuerat,
908 2493 959 2529 ut
990 2482 1133 2529 etiam
1167 2481 1216 2527 in
1250 2481 1368 2529 retia
1407 2482 1666 2528 consimilis
1700 2483 1896 2548 aucupis

477 2560 755 2608 traderetur.
792 2559 978 2618 Quibus
1006 2558 1242 2608 ambobus
1270 2559 1381 2606 satis
1403 2559 1742 2607 convenienter
1763 2561 1893 2608 eulo-

500 2665 504 2668 γ
534 2683 573 2720 1.
603 2684 658 2719 La
676 2681 783 2718 treve
806 2680 863 2718 sut
884 2693 933 2718 en
951 2680 1043 2718 esset
1065 2680 1213 2717 arretee
1231 2679 1298 2717 des
1317 2679 1352 2718 le
1372 2683 1395 2717 4
1419 2680 1537 2728 avril,
1563 2681 1657 2719 mais
1676 2681 1786 2719 l’acte
1805 2685 1893 2720 n’en

477 2742 536 2779 fut
565 2740 793 2793 promulgue
816 2752 892 2790 que
916 2739 952 2777 le
971 2741 1037 2778 10.
1062 2739 1093 2776 Il
1120 2746 1176 2776 est
1201 2738 1295 2777 dans
1319 2739 1512 2777 l'Htstoire
1535 2742 1582 2777 de
1608 2743 1824 2794 Bourgogne
1846 2741 1895 2779 de

475 2803 523 2839 D.
548 2800 751 2846 Plancher‚
772 2808 800 2836 t.
824 2801 890 2846 lv,
912 2811 991 2849 pr..
1012 2811 1051 2836 n.
1077 2799 1168 2836 302.
