2054 3470
775 376 923 412 LIBER
948 360 1150 414 PRIMUS.
1625 374 1674 411 17

259 464 545 514 Incedebant
573 463 702 512 enim
732 478 818 527 per
839 471 1019 509 turmas
1041 460 1150 508 satis
1172 459 1359 507 decenti
1391 469 1437 505 et
1471 462 1620 523 longo
1645 477 1672 507 a

258 559 310 591 se
340 542 543 590 invicem
576 538 825 587 intervallo
861 538 1096 602 sejuncti,
1142 547 1303 584 turma
1336 535 1551 601 qualibet
1590 546 1673 583 aut

258 618 515 667 duodecim
544 627 628 665 aut
669 615 946 682 quindecim
978 632 1062 662 seu
1094 614 1261 678 viginti
1292 614 1595 661 evectionum
1629 623 1677 659 et

258 712 568 763 personarum
587 711 844 742 numerum
861 692 1166 753 continente3
1197 701 1244 738 et
1261 701 1395 738 erant
1417 708 1478 738 ex
1495 689 1676 738 eisdem

257 763 585 837 turmis'supra
615 771 800 834 viginti,
830 786 1000 817 omnes
1021 785 1171 833 usque
1189 767 1251 816 ad
1268 778 1480 815 extrema
1496 766 1677 832 pedum

256 849 449 912 vestigia
482 859 635 896 vestes
669 857 886 907 auratas,
925 846 1124 911 gemmis
1155 846 1298 893 etiam
1330 845 1680 910 pretiosissimis

257 927 496 974 interdum
519 927 744 987 intextas,
770 925 1061 983 deferentes,
1087 940 1198 971 cum
1222 923 1419 988 paribus
1444 922 1678 970 subselliis

255 1020 340 1051 seu
361 1004 670 1070 operimentis
689 1020 954 1068 equorum,
989 1018 1122 1066 quae‚
1163 1001 1278 1048 solis
1301 1001 1446 1048 radiis
1476 1001 1683 1066 desuper

255 1081 540 1140 lucentibus,
574 1082 862 1133 intuentium
884 1080 1053 1128 oculos
1076 1079 1463 1146 perstrIngebant
1484 1089 1683 1146 propter

255 1159 480 1207 eximium
502 1159 607 1206 auri
628 1175 1022 1222 gemmarumque
1047 1157 1296 1222 fulgorem.
1338 1159 1485 1207 Erant
1510 1167 1557 1205 et
1584 1157 1685 1205 aliae

255 1236 357 1285 sine
375 1254 578 1285 numero
601 1247 801 1286 catervae
823 1236 1062 1287 inferioris
1082 1236 1365 1296 nobilitatis,
1389 1253 1496 1301 quae
1514 1245 1682 1298 vestes,

257 1323 359 1361 tum
393 1331 512 1362 auro
542 1324 646 1362 tum
684 1325 881 1379 argento
915 1316 1115 1363 intextas
1148 1315 1227 1363 vel
1261 1315 1537 1379 insignitas,
1568 1332 1685 1381 pur-

256 1408 428 1457 pureas
483 1393 777 1458 sericeasque
831 1394 987 1441 omnis
1043 1393 1229 1457 generis
1284 1394 1505 1441 colorum
1554 1393 1684 1440 defe-

256 1468 450 1530 rebant,
493 1486 605 1516 cum
638 1471 780 1518 variis
809 1487 864 1518 ac
901 1471 1190 1536 sumptuosis
1217 1487 1455 1535 equorum
1486 1487 1686 1518 suorum

258 1546 462 1613 phaleris
490 1557 537 1595 et
565 1550 867 1612 tegumentis.
901 1553 1049 1596 Erant
1070 1559 1118 1596 et
1148 1549 1355 1597 militum
1389 1558 1685 1597 armatorum

257 1637 400 1692 atque
465 1628 766 1676 diversorum
822 1629 1093 1677 officiorum
1145 1629 1372 1677 cohortes
1429 1630 1530 1677 sine
1592 1647 1684 1678 nu-

256 1721 417 1763 mero,
451 1715 534 1753 aut
564 1706 649 1769 qui
667 1723 696 1754 a
717 1722 964 1771 quoquam
995 1705 1188 1754 difficile
1213 1707 1562 1772 comprehendi
1591 1725 1682 1773 po-

258 1781 437 1828 tuisset.

319 1860 660 1906 Communium
690 1870 852 1908 autem
877 1861 1173 1926 populorum
1201 1870 1344 1926 atque
1376 1860 1677 1925 plebeiorum

255 1945 384 1983 tanta
413 1953 469 1982 ex
493 1938 753 2002 provinciis
787 1938 1013 1985 omnibus
1046 1937 1308 1985 Galliarum
1344 1938 1484 1987 turba
1502 1977 1514 2001 ,
1552 1940 1678 1988 illius

254 2014 490 2078 ingressus
522 2025 664 2080 atque
694 2033 884 2081 pompae
912 2015 1203 2063 contuendae
1234 2032 1375 2064 causa
1392 2053 1403 2075 ‚
1431 2017 1494 2064 ad
1521 2017 1674 2083 ipsam

254 2092 425 2140 urbem
456 2095 635 2158 regiam
669 2095 967 2142 confluxerat
1003 2094 1064 2141 de
1096 2095 1231 2141 omni
1263 2111 1465 2159 genere,
1504 2106 1669 2157 aetate,

253 2186 389 2230 sexu,
427 2171 576 2236 gradu
608 2182 750 2236 atque
773 2171 969 2232 ordine,
1008 2181 1061 2218 ut
1083 2172 1302 2219 aestimari
1334 2181 1438 2220 tum
1467 2174 1672 2223 audieri-

256 2263 362 2294 mus
387 2265 643 2296 numerum
660 2265 829 2296 eorum
857 2248 918 2297 ab
937 2265 1038 2295 uno
1070 2248 1333 2296 venerabili
1358 2266 1470 2297 sene
1499 2252 1666 2311 milite,

255 2326 336 2389 qui
354 2327 477 2391 patri
500 2327 712 2391 ejusdem
730 2327 961 2374 Ludovici
981 2327 1104 2391 regis
1125 2343 1310 2391 suoque
1329 2344 1420 2374 avo
1443 2328 1527 2376 <liu
1551 2331 1667 2380 olim

255 2403 491 2462 servierat,
519 2405 658 2452 fuisse
679 2421 822 2469 supra
843 2414 1053 2452 trecenta
1075 2404 1224 2452 millia
1246 2405 1474 2470 capitum,
1496 2419 1668 2472 praeter

257 2479 436 2527 accolas
457 2480 579 2528 illius
604 2482 821 2529 civitatis.

323 2558 555 2622 Praecipua
579 2569 739 2606 autem
762 2575 941 2624 pompa
963 2569 1011 2606 et
1032 2575 1137 2623 quae
1159 2559 1301 2623 longe
1325 2571 1536 2624 caeteras,
1563 2574 1666 2612 tum

258 2647 456 2679 numero
493 2643 596 2681 tum
633 2646 1030 2683 ornamentorum
1070 2637 1391 2701 pretiositate,
1430 2641 1662 2702 anteibat,

259 2707 346 2754 fuit
366 2709 426 2755 de
453 2709 573 2758 duce
599 2713 876 2776 Burgundiae
908 2723 954 2760 et
985 2713 1286 2779 principibus
1309 2731 1365 2762 ac
1391 2718 1669 2781 proceribus

258 2785 369 2831 suis.
404 2786 578 2834 Habuit
609 2791 759 2849 enim,
794 2801 892 2837 tam
924 2792 1026 2856 ipse
1057 2805 1204 2856 quam·
1238 2793 1339 2853 sui,
1376 2810 1522 2858 supra
1553 2795 1671 2842 duas

256 2872 412 2926 partes
429 2863 674 2913 turbarum
689 2884 794 2931 quae
810 2869 1078 2932 potioribus
1096 2868 1341 2933 fulgebant
1355 2874 1665 2921 ornamentis.

469 2955 505 2978 11
1435 2949 1460 2985 2
