2054 3470
344 350 422 387 158
709 349 1052 388 HISTORIARUM
1077 348 1316 387 Lunovlcl
1340 349 1398 386 XI

344 438 579 487 inferioris
616 438 920 486 Normanniae
951 438 1322 503 composuisset,
1348 436 1575 486 omnibus
1609 437 1672 486 ad
1711 455 1762 486 se

343 527 477 565 metu
518 517 679 583 potius
726 533 873 582 quam
905 515 1242 566 benevolentia
1282 517 1498 565 retractis
1538 527 1585 565 et
1620 534 1763 566 revo-

343 596 477 658 catis,
500 605 547 643 et
562 605 711 661 pacta
726 594 963 642 nonnulla
985 611 1097 642 cum
1119 594 1242 642 duce
1264 595 1517 643 Britanniae
1534 603 1583 642 et
1603 594 1737 645 fictas
1750 598 1764 623 ¹

342 671 575 737 quasdam
587 672 817 719 amicitias
828 671 1124 720 conciliasset
1135 674 1150 696 ²
1160 708 1173 733 ,
1193 689 1356 721 versus
1374 671 1732 738 Rothomagum
1745 710 1758 735 ,

342 750 392 798 in
411 766 509 814 quo
532 750 690 798 adhuc
709 749 852 797 frater
870 766 983 796 suus
1004 749 1183 812 stabat,
1209 761 1279 798 est
1300 766 1532 798 reversus.

407 827 524 889 Sed,
551 827 685 893 quod
707 826 1061 875 obmittendum
1095 844 1196 874 non
1229 838 1323 888 est,
1349 844 1461 876 cum
1497 827 1560 876 ad
1596 844 1763 893 preces

343 904 430 970 (ut
449 905 637 969 aiebat)
663 905 800 953 ducis
827 898 1105 966 Britanniae,
1132 905 1363 970 quasdam
1384 905 1659 954 abolitionis
1680 923 1761 971 ge-

342 982 527 1030 nerales
546 982 741 1045 litteras,
762 980 1102 1047 amplissimam
1119 991 1166 1029 et
1188 982 1589 1048 expressissimam
1607 983 1762 1031 conti·

341 1069 509 1107 nentes
531 1059 754 1120 formam,
780 1059 1090 1107 concessisset
1110 1068 1158 1107 et
1179 1059 1359 1124 ubique
1378 1059 1610 1126 publicari
1631 1077 1763 1109 man-

342 1136 500 1185 dasset
519 1135 629 1202 (per
644 1153 793 1202 quam
808 1135 1053 1198 omnibus,
1073 1136 1134 1184 ad
1150 1154 1201 1184 se
1216 1148 1265 1185 et
1280 1153 1417 1185 suam
1436 1137 1762 1186 obedientiam

340 1215 497 1263 redire
521 1215 817 1277 volentibus,
852 1215 1147 1278 indulgentia
1181 1215 1494 1282 amplissima,
1531 1225 1580 1263 et
1609 1233 1763 1282 quan-

342 1302 439 1340 tam
461 1303 592 1341 carta
614 1294 847 1341 sustinere
869 1292 944 1340 vel
966 1292 1188 1340 dictantis
1208 1294 1457 1357 ingenium
1487 1292 1764 1342 adinvenire

339 1380 584 1435 potuerat,
611 1372 713 1419 sine
739 1370 838 1418 ullo
862 1370 1052 1418 delectu
1081 1370 1410 1435 praestabatur,
1434 1386 1516 1418 sex
1533 1369 1765 1419 duntaxat

339 1449 575 1512 personis,
597 1447 779 1496 ibidem
801 1447 1077 1509 nominatiS,
1100 1446 1374 1513 exceptis³),
1393 1446 1555 1512 plures
1573 1457 1760 1509 tamen,

340 1526 424 1590 qui
451 1526 513 1574 de
543 1543 600 1575 ea
630 1527 789 1574 minus
819 1525 1037 1573 consulte
1063 1525 1232 1572 confisi
1259 1534 1419 1586 erant,
1451 1523 1760 1590 deprehensi,

340 1619 575 1668 aquarum
596 1602 885 1668 gurgitibus,
909 1602 1051 1650 variis
1077 1602 1126 1649 in
1148 1601 1268 1649 locis
1290 1600 1435 1666 (proh
1451 1600 1613 1666 dolor)
1637 1601 1766 1665 ejus‘

340 1682 587 1748 praeceptis
626 1681 844 1730 suffocati
885 1690 934 1729 et
976 1680 1196 1729 exstincti
1239 1679 1454 1728 fuerunt⁸
1469 1717 1483 1743 ,
1515 1679 1593 1729 vel
1622 1679 1765 1729 variis

393 1834 412 1870 1
425 1862 433 1871 .
464 1835 603 1874 Factas
622 1832 718 1872 dans
734 1832 773 1871 le
792 1845 866 1872 ms.

393 1892 433 1929 2.
462 1894 498 1929 A
517 1894 644 1940 Caen,
672 1891 771 1930 ainsi
800 1904 878 1942 que
904 1890 1073 1930 l'auteur
1097 1889 1256 1938 l’ajoute
1283 1888 1371 1941 plus
1402 1887 1508 1937 loin,
1543 1887 1582 1926 le
1618 1889 1670 1926 23
1696 1886 1765 1926 de-

338 1949 495 1989 cembre
515 1953 633 1989 1465.
660 1953 828 1989 Ordonn.
849 1953 917 1989 des
934 1955 1011 1989 mis
1027 1952 1077 1987 de
1093 1952 1261 1999 France,
1281 1951 1394 1997 XVI,
1414 1951 1508 1987 448.

395 2012 432 2048 3.
463 2012 536 2049 Ces
562 2010 622 2048 six
650 2022 863 2062 personnes
895 2009 1038 2048 etaient
1066 2008 1246 2058 l'eveque
1275 2007 1324 2047 de
1351 2011 1530 2061 Bayeux,
1563 2007 1681 2047 Louis
1714 2006 1764 2046 de

339 2071 551 2119 Harcourt3
571 2073 593 2108 J
596 2083 669 2108 ean
685 2069 734 2108 de
751 2069 953 2118 Lorraine,
981 2076 1106 2107 comte
1127 2067 1177 2106 de
1201 2070 1414 2113 Harcourt;
1438 2070 1534 2106 Jean
1558 2066 1607 2105 de
1629 2066 1762 2117 Beuil‚

338 2137 462 2167 comte
481 2129 530 2167 de
549 2132 735 2168 sancerre
749 2144 761 2176 ;
776 2128 909 2167 Pierre
924 2126 1163 2173 d’Amboise,
1180 2126 1363 2179 seigneur
1378 2126 1427 2166 de
1444 2126 1765 2166 chaumont-sur-

339 2191 468 2240 Loire,
490 2199 528 2230 et
551 2204 621 2230 son
642 2190 702 2229 fils
720 2188 822 2239 aine,
843 2190 1003 2229 Charles
1022 2189 1269 2238 d'Amboise;
1291 2190 1395 2228 enfin
1412 2192 1511 2228 Jean
1527 2188 1577 2228 de
1590 2188 1761 2235 Daillon‚

338 2250 519 2302 seigneur
543 2250 597 2289 du
614 2250 738 2291 Lude.
755 2250 1003 2303 L’exception
1028 2263 1079 2288 ne
1097 2249 1262 2288 subsiste
1281 2249 1370 2301 plus
1386 2262 1463 2301 que
1477 2262 1579 2301 pour
1595 2248 1652 2287 les
1670 2247 1765 2287 trois

340 2309 514 2349 derniers
540 2310 636 2350 dans
659 2323 714 2349 un
742 2310 879 2363 rappel
908 2309 957 2349 de
988 2309 1026 2348 la
1051 2310 1179 2348 meme
1208 2308 1386 2348 amnistie
1408 2321 1458 2348 en
1480 2307 1568 2348 date
1586 2307 1640 2346 du
1665 2307 1763 2347 mois

339 2369 471 2409 d'aofit
491 2372 610 2411 1466.

391 2432 431 2468 4.
459 2432 531 2468 Eis
552 2430 648 2468 dans
666 2430 704 2468 le
725 2443 799 2469 ms.

393 2491 433 2529 5.
462 2489 640 2528 Allusion
663 2503 715 2528 au
741 2489 916 2542 supplice
946 2488 995 2528 de
1027 2492 1125 2528 Jean
1157 2486 1425 2534 Leboursier,·
1447 2486 1630 2538 seigneur
1656 2485 1764 2525 d’Es-

339 2556 488 2600 tanay,
512 2561 699 2587 receveur
717 2548 875 2601 general
892 2548 942 2587 de
961 2547 1210 2589 Normandie.
1240 2547 1272 2584 Il
1299 2545 1357 2584 fut
1373 2546 1476 2597 noye
1499 2545 1596 2585 dans
1612 2545 1760 2593 l‘Eure,

339 2621 388 2647 en
405 2610 531 2647 meme
553 2616 677 2660 temps
695 2611 818 2660 qu’un
842 2607 972 2646 moine
991 2606 1172 2660 augustin
1190 2618 1286 2644 avec
1303 2605 1432 2656 lequel
1450 2604 1477 2643 il
1501 2604 1627 2644 s’etait
1643 2604 1763 2644 sauve

339 2668 388 2708 de
404 2671 555 2707 Rouen.
577 2670 628 2707 Ce
646 2667 715 2708 fait
741 2676 800 2707 est
825 2667 1007 2719 rapporte
1029 2669 1052 2705 a
1069 2666 1108 2705 la
1127 2666 1215 2705 date
1235 2665 1288 2704 du
1307 2668 1363 2704 1·r
1387 2665 1542 2714 janvier
1564 2667 1670 2705 1466
1691 2677 1764 2717 par

338 2728 377 2767 la
394 2727 613 2778 Chronique
634 2726 904 2773 scandaleuse,
925 2726 993 2777 qui
1008 2725 1137 2774 ajoute
1155 2740 1164 2762 ε
1184 2742 1201 2758 «ι
1220 2724 1340 2764 Audit
1357 2733 1502 2776 temps,
1522 2724 1653 2766 furent
1671 2723 1764 2776 plu-

337 2787 461 2826 sieurs
486 2799 719 2839 personnes,
747 2785 913 2824 officiers
936 2793 975 2823 et
1002 2793 1131 2823 autres
1163 2784 1274 2823 dudit
1300 2798 1396 2838 pays
1422 2784 1472 2824 de
1501 2783 1759 2832 Normandie,

338 2847 520 2886 executez
540 2853 578 2884 et
594 2858 716 2897 noyez
731 2857 803 2897 par
819 2844 856 2883 le
872 2845 1028 2896 prevost
1049 2843 1116 2882 des
1131 2843 1413 2883 mareschaulx.
1435 2860 1452 2880 ι
