2054 3470
423 364 500 402 388
790 365 987 404 HISTORI
992 365 1132 403 ARUM
1154 366 1391 405 LUDOVICI
1417 368 1474 404 XI

487 454 608 500 Cum
639 462 798 501 autem
820 455 983 519 paucis
1015 454 1111 502 illic
1133 454 1300 503 diebus
1331 456 1421 520 ipsi
1447 457 1685 503 Suitenses
1709 472 1828 515 con-

420 529 668 591 sedissent,
704 524 866 596 copias
899 549 1007 579 suas
1041 532 1378 597 undecumque
1417 543 1638 598 poterant
1667 549 1831 597 aggre-

420 607 600 670 gantes,
626 607 822 671 singulis
854 626 1006 674 prope
1026 609 1196 656 diebus
1231 610 1626 673 Burgundionum
1655 610 1751 657 dux
1781 611 1831 657 in

419 700 645 748 campum
673 701 699 731 e
722 686 885 732 castris
907 687 1002 732 suis
1033 703 1139 733 suas
1171 687 1293 734 acies
1322 704 1421 734 non
1446 697 1629 734 remote
1666 704 1694 734 a
1719 687 1829 735 loco

420 760 615 808 obsesso
635 762 890 821 educebat,
918 764 1170 828 opperiens
1191 764 1231 810 si
1253 764 1373 811 forte
1391 764 1552 812 hostes
1570 801 1581 824 ,
1619 766 1703 830 qui
1732 775 1831 812 tam

417 855 570 904 prope
591 849 741 899 erant,
761 840 823 887 ad
845 850 1085 887 certamen
1103 841 1471 889 descendissent.
1486 843 1630 901 Quod
1648 860 1758 890 cum
1772 843 1834 891 fa—

417 932 525 962 cere
541 926 718 963 temere
736 934 836 964 non
850 928 1179 982 properarent,
1197 917 1393 965 tandem
1409 919 1616 983 quadam
1630 919 1708 967 die
1723 919 1832 967 sab-

416 993 534 1049 bati,
551 1011 655 1057 quae
676 1004 776 1041 erat
798 994 899 1042 dies
918 995 1142 1042 vicesima
1157 996 1318 1042 tertia¹
1343 997 1517 1043 mensis
1532 997 1674 1060 junii,
1703 1014 1831 1044 anno

417 1071 612 1118 Domini
634 1088 1013 1131 M.cccc.1,xxvl.‚
1033 1072 1345 1119 decreverunt
1371 1073 1434 1120 ad
1456 1074 1782 1122 dimicandum
1804 1091 1831 1120 e

417 1150 582 1196 castris
607 1149 703 1196 suis
727 1149 1007 1214 procedere,
1035 1161 1081 1198 et
1103 1151 1153 1197 in
1177 1151 1366 1216 patulos
1389 1168 1585 1218 campos
1607 1153 1832 1201 adversus

415 1226 577 1274 hostes
609 1228 809 1274 exsilire.
847 1230 963 1285 Quae
985 1244 1061 1275 res
1084 1245 1194 1275 cum
1227 1229 1590 1291 Burgundiones
1619 1246 1719 1277 non
1756 1229 1833 1277 la-

417 1305 598 1363 tuisset,
625 1304 1023 1368 Burgundionum
1048 1305 1162 1363 dux,
1188 1306 1317 1352 velut
1351 1321 1498 1355 morae·
1517 1310 1577 1354 et'
1592 1307 1833 1355 dilationis

418 1383 691 1429 certaminis
731 1384 1010 1448 impatiens,
1047 1383 1180 1430 bono
1212 1400 1355 1431 mane
1383 1385 1546 1449 copias
1576 1401 1701 1443 suas,
1734 1394 1832 1433 tam

417 1459 631 1521 equitum
664 1475 809 1523 quam
842 1460 1059 1525 peditum
1076 1496 1088 1519 ,
1125 1461 1174 1506 in
1208 1477 1432 1526 campum
1456 1462 1618 1509 eduxit
1638 1472 1685 1509 et
1710 1463 1833 1510 acies

417 1552 527 1582 suas
548 1536 806 1584 ordinavit.
1398 1587 1400 1589 ,
1621 1552 1630 1558 ’

483 1617 664 1661 Verum
687 1631 799 1661 cum
822 1623 923 1676 tota
945 1614 1069 1662 illius
1090 1614 1185 1662 diei
1203 1617 1337 1680 prior
1353 1633 1481 1681 pars,
1509 1634 1659 1682 usque
1679 1634 1832 1683 prope
1898 1609 1900 1613 ⁸

418 1691 694 1752 meridiem,
733 1692 918 1755 magnis
950 1702 997 1739 et
1022 1692 1225 1739 taediosis
1256 1693 1490 1741 imbribus
1519 1695 1827 1755 exundasset,

418 1777 465 1813 et
491 1778 588 1814 tam
622 1768 843 1815 homines
880 1785 1026 1833 quam
1058 1785 1208 1833 equos
1240 1771 1363 1817 miro
1389 1771 1537 1818 modo
1571 1772 1827 1835 fatigasset,

417 1860 646 1909 armaque
670 1846 813 1892 etiam
835 1855 882 1893 et
903 1862 1040 1893 arcus
1074 1846 1405 1895 deteriorasset.
1431 1864 1531 1894 non
1554 1848 1799 1895 modicum
1813 1883 1826 1904 ‚

417 1937 530 1967 cum
554 1938 605 1968 se
640 1922 763 1969 infra
793 1939 879 1969 sua
909 1933 1026 1969 tunc
1050 1933 1205 1970 castra
1226 1924 1465 1971 Suitenses
1497 1925 1825 1987 continerent,

418 2006 466 2043 et
499 1997 647 2046 fames
681 1999 1044 2063 Burgundiones
1091 2016 1353 2063 eorumque
1388 2017 1538 2064 equos
1574 2018 1830 2066 perurgere

418 2071 637 2134 coepisset
670 2071 783 2134 (qui
819 2071 959 2119 taedio
987 2088 1163 2135 magno
1196 2089 1283 2137 per
1317 2089 1397 2119 sex
1435 2074 1583 2122 ferme
1608 2075 1752 2123 horas
1778 2076 1827 2122 in

418 2146 537 2207 acie,
565 2147 807 2193 continuis
831 2148 1007 2211 perfusi
1028 2148 1278 2210 imbribus,
1304 2151 1651 2217 constiterant),
1673 2153 1721 2200 in
1744 2169 1829 2200 sua

418 2238 500 2269 eos
531 2222 687 2269 redire
719 2233 894 2283 castra,
929 2224 1196 2273 refectionis
1219 2229 1705 2294 gratia'accipiendae,
1731 2230 1827 2278 dux

417 2298 518 2363 ipse
555 2300 802 2363 praecepit,
833 2300 986 2347 locata
1028 2302 1237 2365 quadam
1278 2305 1491 2369 equitum
1532 2315 1579 2353 et
1610 2306 1827 2371 peditum

416 2392 612 2436 suorum
631 2377 854 2440 portione
870 2377 918 2423 in
934 2379 1144 2441 quodam
1167 2380 1293 2442 loco,
1313 2398 1409 2446 qua
1431 2383 1727 2432 Suitensibus
1748 2385 1826 2433 ad-

415 2454 640 2501 veniendi
659 2454 927 2501 facultatem
942 2466 1104 2519 patere
1125 2459 1435 2520 existimabat,
1459 2476 1519 2507 ne
1534 2460 1655 2508 forte
1672 2462 1826 2511 subita

416 2533 681 2598 irruptione
701 2532 762 2579 ab
783 2533 896 2598 ipsis
918 2534 1163 2599 inopinate
1185 2536 1347 2583 invadi
1368 2547 1543 2601 posset.

482 2613 631 2657 Porro
654 2626 765 2657 cum
783 2609 1051 2658 reficiendis
1073 2613 1205 2660 lassis
1223 2613 1476 2661 hominum
1494 2631 1824 2681 equorumque

470 2798 507 2834 1.
540 2795 718 2848 Corrigez
742 2799 930 2847 secunda,
955 2810 1020 2835 car
1048 2798 1085 2836 la
1111 2797 1265 2838 bataille
1284 2799 1334 2838 de
1354 2803 1478 2840 Morat
1504 2809 1570 2839 eut
1594 2801 1672 2840 lieu
1691 2802 1727 2840 le
1755 2816 1822 2841 sa-

411 2855 535 2903 medi,
559 2857 609 2893 22
624 2854 710 2904 juin
730 2857 847 2893 1476.
