2054 3470
747 307 895 347 LIBER
921 308 1151 347 oum'ms,
1582 309 1660 346 393

244 397 392 452 ciam,
437 394 500 443 ad
542 411 647 443 eam
691 395 1014 460 recipiendam
1053 396 1240 460 sibique
1280 395 1626 460 acquirendam
1641 433 1654 456 ,

243 472 576 521 transmittere.
602 468 746 530 Quod
771 488 883 519 cum
906 471 1038 519 idem
1068 474 1278 520 Renatus
1307 472 1591 538 pervidisset
1612 482 1661 520 et

242 551 535 616 agnovisset,
558 549 739 597 studuit
767 549 1091 614 providenter,
1120 551 1276 614 sagaci
1298 550 1515 614 profecto
1547 567 1659 597 usus

242 628 443 677 consilio
459 665 473 688 ‚
493 626 748 693 praevenire
775 625 1061 691 periculum.
1088 626 1298 674 Accessit
1315 626 1444 673 enim
1467 625 1659 688 Lugdu-

243 722 362 753 num
388 704 452 752 ad
483 705 686 768 regem',
712 702 898 767 sibique
930 703 1129 750 minime
1161 719 1286 767 opus
1322 702 1425 750 fore
1459 702 1577 750 dixit
1606 712 1660 750 ut

244 783 386 830 armis
420 781 717 829 Provinciam
760 781 1113 845 aggrederetur,
1150 781 1229 829 cui
1269 790 1318 828 et
1359 781 1573 829 civitates
1612 790 1660 828 et

244 875 376 908 arces
405 858 619 923 ejusdem
638 868 824 924 apertas
844 875 944 906 esse
966 859 1182 918 volebat,
1207 859 1273 906 ita
1296 868 1347 905 ut
1367 857 1659 923 ubicumque

245 954 329 986 rex
356 937 524 998 vellet,
548 953 746 984 suorum
775 936 954 984 locaret
985 936 1190 984 militum
1223 935 1464 1001 praesidia;
1490 945 1538 983 et
1558 952 1659 982 non

245 1013 393 1061 modo
425 1013 517 1074 ibi,
540 1012 625 1061 sed
647 1023 694 1061 et
718 1014 767 1060 iu
795 1013 1065 1077 Andegavia
1091 1023 1138 1061 et
1167 1013 1345 1061 caeteris
1371 1013 1507 1060 terris
1535 1013 1657 1072 suis,

246 1090 579 1139 tantummodo
595 1128 607 1149 ,
632 1091 730 1139 vita
756 1091 956 1151 comite,
982 1106 1177 1138 suarum
1208 1089 1541 1154 hujuscemodi
1567 1099 1659 1136 ter·

246 1185 408 1217 rarum
432 1167 563 1232 (cum
585 1168 822 1227 masculos
844 1167 967 1215 filios
997 1183 1096 1214 non
1119 1166 1337 1231 haberet)
1359 1167 1592 1214 fructibus
1613 1177 1659 1214 et

247 1245 554 1311 proventibus
571 1245 820 1311 potiretur.
839 1243 1026 1302 Quibus
1046 1244 1367 1292 oblationibus
1386 1244 1656 1309 acceptatiS‚

246 1340 328 1371 rex
360 1323 532 1371 dicitur
564 1323 615 1370 in
645 1322 923 1385 hujusmodi
961 1322 1097 1369 terris
1134 1323 1315 1370 arcium
1348 1322 1573 1370 custodes
1614 1332 1659 1368 et

245 1411 460 1463 caeteros,
500 1418 590 1466 pro
626 1417 796 1448 eorum
825 1399 1236 1448 administratione
1252 1436 1265 1459 ,
1301 1399 1530 1447 officiales
1573 1416 1660 1446 suo

246 1479 441 1526 nomine
462 1478 715 1525 instituisse
736 1487 784 1525 et
799 1477 1036 1542 posuisse;
1055 1477 1409 1542 expeditionem
1428 1476 1540 1524 illuc
1556 1477 1661 1522 mit·

247 1566 344 1604 tere
368 1555 610 1603 abstinuit.
649 1555 794 1613 Quod
815 1554 984 1620 procul
1006 1554 1156 1602 dubio
1177 1555 1351 1602 accolis
1376 1555 1522 1620 ipsius
1551 1557 1661 1600 Pro-

164 1662 171 1670 ·
247 1633 413 1682 vinciae
434 1633 543 1680 satis
578 1632 730 1679 fausto
763 1633 924 1679 omine
954 1632 1201 1697 provenit;
1229 1648 1342 1679 nam
1376 1632 1414 1678 si
1447 1647 1661 1695 eousque

247 1710 450 1757 militum
471 1709 620 1774 copiae
641 1709 924 1773 attigissent,
947 1719 1278 1773 sumptuosam
1300 1709 1444 1756 nimis
1459 1718 1508 1756 et
1528 1708 1660 1756 dam-

246 1802 415 1834 nosam
437 1786 597 1850 patriae
618 1786 1006 1851 procurationem
1027 1787 1095 1833 eis
1116 1786 1441 1834 exsolvissent.

312 1868 499 1912 Partem
530 1864 672 1911 etiam
705 1862 989 1911 nonnullam
1018 1865 1269 1929 copiarum
1302 1880 1498 1911 suarum
1535 1864 1663 1910 misit

247 1940 376 1988 idem
396 1958 481 1989 rex
503 1944 796 1988 Francorum
820 1940 884 1988 ad
906 1951 1052 1988 terras
1074 1941 1211 1988 ducis
1237 1941 1582 1997 deNemours,
1613 1950 1663 1987 ut

246 2033 326 2066 eas
356 2019 609 2083 ipsumque
639 2018 811 2066 ducem
840 2017 931 2064 sub
959 2035 1159 2065 manum
1188 2029 1236 2066 et
1261 2018 1496 2066 ditionem
1526 2035 1661 2066 suam

247 2098 575 2159 reponerent&
600 2099 712 2142 Erat
745 2096 847 2160 ipse
878 2094 976 2143 dux
1006 2111 1169 2143 comes
1199 2095 1444 2143 Marchiae³
1474 2104 1522 2142 et
1552 2095 1661 2160 plu-

247 2171 372 2218 rium
396 2171 630 2218 nobilium
652 2181 884 2219 terrarum
906 2171 1153 2232 dominus,
1179 2173 1251 2219 vir
1274 2172 1492 2238 profecto
1514 2172 1660 2236 aequi-

250 2258 345 2295 tate
364 2258 412 2295 et
428 2248 611 2312 justitia
632 2258 776 2313 atque
799 2249 1143 2314 probatissimis
1175 2251 1390 2299 moribus
1412 2252 1625 2315 egregius
1645 2269 1657 2309 ;

302 2443 340 2481 1.
372 2441 405 2480 Il
424 2441 508 2479 vint
531 2442 554 2478 a
569 2442 679 2491 Lyon
706 2453 754 2478 en
774 2439 851 2479 mai
871 2443 995 2489 14763
1016 2441 1113 2479 mais
1134 2441 1172 2479 le
1194 2442 1253 2480 roi
1276 2442 1332 2480 lui
1353 2442 1457 2481 avait
1483 2441 1568 2489 deja
1591 2440 1662 2478 de-

250 2502 341 2552 pute
368 2500 638 2550 l'archeveque
662 2499 710 2537 de
728 2499 894 2548 Vienne‚
914 2502 1023 2539 muni
1044 2501 1093 2540 de
1120 2501 1157 2539 la
1182 2502 1290 2540 croix
1320 2501 1368 2540 de
1399 2501 1506 2540 Saint
1527 2500 1659 2546 Laud,

169 2577 177 2587 ·
250 2573 351 2611 pour
369 2559 423 2597 lui
445 2555 542 2596 faire
564 2559 674 2607 jurer
698 2558 830 2597 dessus
847 2560 941 2610 qu'il
967 2561 1132 2599 n'aurait
1153 2561 1241 2612 plus
1266 2560 1549 2612 d’intelligence
1568 2570 1662 2595 avec

250 2618 287 2655 le
312 2617 387 2655 duc
407 2616 455 2655 de
478 2619 722 2669 Boni-gogne.
747 2618 779 2654 Il
813 2620 920 2668 preta
947 2631 991 2656 ce
1018 2627 1186 2657 serment
1216 2619 1310 2657 dans
1333 2619 1463 2655 l'hotel
1498 2616 1547 2654 de
1569 2615 1661 2652 ville

251 2676 415 2723 d'Arles,
435 2676 472 2713 le
493 2679 515 2714 7
537 2676 634 2714 avril
654 2679 774 2716 1476.
793 2680 885 2716 Mss.
903 2679 1094 2731 Legrand,
1121 2687 1147 2717 t.
1171 2681 1316 2718 XXIV.

305 2739 345 2775 2.
375 2739 478 2774 Mars
496 2737 616 2774 1475.

308 2798 345 2833 3.
376 2798 431 2834 La
449 2795 605 2833 Marehe
624 2794 672 2833 de
689 2795 902 2834 Limousin.
