2054 3470
678 356 825 393 LIBER
863 356 1132 394 SECUNDUS.
1537 359 1608 396 211

171 500 178 505 ,
203 463 232 495 a
249 463 349 511 quo
365 446 511 504 enim,
529 460 589 492 ne
610 443 659 490 id
679 460 830 508 poenae
851 443 1130 508 suppliciive
1149 441 1327 490 subiret
1348 444 1616 493 incommo—

204 523 338 582 dum,
361 538 449 570 nec
466 520 604 583 regis,
626 536 731 584 quae
748 529 847 567 tam
867 520 1116 584 singularis
1133 530 1180 567 et
1198 530 1294 568 tam
1312 519 1407 568 fida
1423 521 1482 568 ad
1502 539 1612 569 eum
1680 545 1686 551 ·

206 600 379 660 fuerat,
404 598 607 646 amicitia
630 597 820 657 tutavit,
846 614 936 644 nec
961 597 1188 663 Apollinis
1212 597 1360 646 infula
1382 599 1514 646 texit.

272 680 328 724 Et
350 692 410 723 ne
438 674 565 722 solus
587 683 634 721 et
653 674 753 721 sine
775 674 957 738 collega
978 675 1091 723 talia
1110 675 1208 722 otia
1229 676 1331 723 sine
1362 676 1617 724 comitatus

205 753 372 802 solatio
402 751 736 818 pertransiret,
764 738 955 799 additus
978 761 1049 800 est
1071 752 1159 799 sibi
1184 753 1341 800 socius
1364 754 1619 818 episcopus

210 829 554 891 virdunensis¹,
587 846 732 893 quem
759 845 838 876 rex
869 829 969 894 ipse
1005 829 1252 894 paululum
1293 840 1405 877 ante
1440 847 1468 878 a
1504 847 1619 878 con-

204 907 350 955 sortio
376 907 588 970 germani
610 906 706 966 sui,
733 907 918 970 magnis
947 907 1224 954 muneribus
1247 917 1389 972 atque
1413 909 1619 972 promis-

204 984 418 1032 sionibus
457 983 688 1045 illectum,
727 983 789 1032 ad
826 1001 876 1031 se
916 994 1183 1032 attraxerat.
1227 985 1452 1048 Ejusdem
1490 987 1621 1033 enim

204 1062 416 1128 germani
432 1063 553 1126 regis
572 1062 763 1109 servitio
782 1079 832 1110 se
851 1063 1149 1110 voluntarius
1165 1062 1426 1123 addixerat,
1448 1073 1622 1112 etcum

204 1156 264 1188 eo
292 1156 480 1205 semper
503 1140 654 1187 fuerat
678 1139 739 1187 ab
760 1156 819 1187 eo
843 1150 1083 1205 tempore,
1112 1157 1211 1205 quo
1239 1157 1391 1206 prope
1419 1143 1623 1190 Parisios

205 1217 432 1266 ducatum
467 1219 770 1266 Normanniae
814 1218 1157 1282 possidendum
1203 1229 1462 1284 receperat.
1501 1222 1625 1267 Cum

204 1312 319 1344 vero
342 1295 546 1361 cupidus
568 1306 615 1343 et
637 1296 918 1344 ambitiosus
944 1295 1208 1344 admodum
1236 1297 1378 1356 foret,
1408 1309 1454 1346 et
1482 1299 1626 1346 mori-

206 1371 296 1420 bus
327 1390 384 1420 ac
412 1373 510 1421 vita
538 1374 647 1420 satis
678 1373 800 1422 male
833 1374 1060 1434 famatus,
1098 1384 1328 1439 tanquam
1360 1374 1505 1422 hamo
1535 1375 1625 1423 sub

207 1466 314 1498 esca
334 1450 545 1510 obtecto,
572 1467 656 1515 spe
679 1467 958 1515 magnarum
981 1451 1288 1516 pensionum,
1314 1453 1624 1500 commenda-

209 1545 317 1575 rum
344 1545 399 1576 ac
426 1529 764 1587 cardinalatus,
800 1546 884 1594 per
914 1546 1073 1594 regem
1110 1540 1157 1577 et
1197 1531 1344 1595 ipsius
1382 1531 1624 1580 favoribus

209 1607 643 1671 assequendorum,
669 1608 918 1672 pellectus,
942 1607 1194 1654 dominum
1223 1624 1364 1654 suum
1388 1609 1625 1672 optimum

210 1684 445 1749 prodidit,
471 1694 517 1731 et
541 1685 602 1732 ad
628 1701 787 1748 regem
810 1685 1022 1732 accessit.
1050 1686 1408 1762 Qtiemjtatim,
1435 1686 1625 1750 qualem

210 1761 312 1825 ipse
336 1772 574 1808 meruerat
597 1761 798 1819 habere,
826 1761 1041 1808 offendit.
1071 1761 1141 1815 Ab
1169 1778 1230 1808 eo
1258 1762 1387 1809 enim
1416 1763 1503 1809 fuit
1525 1764 1626 1828 ipse

208 1837 258 1884 iu
279 1853 466 1885 carcere
488 1838 698 1885 reclusus
721 1856 830 1886 cum
854 1839 983 1886 dicto
1006 1838 1152 1885 Balae
1171 1857 1185 1885 .·
1204 1839 1253 1885 in
1274 1856 1372 1903 quo
1389 1840 1488 1903 jam
1509 1858 1626 1905 qua-

211 1914 483 1962 driennium
507 1932 618 1962 cum
644 1916 805 1964 medio
830 1916 978 1963 ferme
1003 1932 1156 1976 anno,
1185 1917 1390 1980 peregit,
1418 1917 1626 1965 incertus

210 1991 249 2039 si
271 2008 482 2056 unquam
505 1992 618 2039 iude
642 1992 779 2039 fuerit
802 1993 1028 2040 exiturus.

274 2069 488 2116 Tentavit
508 2079 669 2117 autem
691 2086 773 2116 rex
791 2079 837 2117 et
861 2070 1007 2117 alium
1032 2068 1290 2134 quemdam
1310 2069 1542 2118 Thomam
1566 2071 1628 2119 de

213 2145 436 2206 Loralk',
467 2147 620 2193 civem
651 2147 1023 2203 Cadomeusem,
1057 2146 1267 2212 probum
1297 2149 1456 2195 virum
1485 2158 1629 2213 atque

214 2219 400 2270 fidelem
424 2233 471 2270 et
489 2233 805 2284 constantem,
835 2226 916 2288 qui
940 2225 1199 2289 plurimum
1224 2226 1416 2288 ingenio
1439 2235 1487 2273 et
1508 2243 1625 2291 pru-

213 2297 391 2362 dentia,
419 2311 468 2348 ut
490 2301 640 2349 homo
661 2302 824 2362 laicus,
851 2302 1068 2362 callebat,
1095 2303 1156 2350 ab
1174 2304 1390 2367 ejusdem
1415 2307 1629 2369 germani

215 2377 288 2424 sui
316 2379 503 2426 servitio
529 2379 803 2427 abstrahere
829 2390 875 2427 et
900 2380 961 2427 ad
986 2397 1036 2427 se
1061 2380 1248 2428 trahere
1275 2399 1286 2429 :
1313 2383 1448 2446 quod
1471 2392 1630 2430 tamen

216 2454 410 2502 minime
426 2456 610 2504 efficere
628 2458 800 2522 potuit.
821 2458 961 2522 Atqui
978 2475 1088 2505 cum
1111 2475 1200 2524 pro
1224 2469 1338 2506 voto
1358 2460 1452 2508 hoc
1474 2461 1631 2525 ipsum

216 2529 368 2579 facere
391 2535 697 2598 nequivisset,
720 2553 819 2583 non
842 2536 993 2583 multo
1013 2546 1123 2601 post
1142 2537 1271 2584 idem
1288 2539 1495 2586 Thomas
1521 2555 1632 2586 cum

217 2605 408 2656 duobus
429 2621 509 2658 aut
531 2611 682 2659 tribus
707 2613 768 2660 de
790 2613 939 2660 domo
963 2623 1010 2661 et
1033 2614 1208 2662 familia
1229 2632 1315 2663 sua
1340 2632 1529 2663 veneno
1553 2632 1633 2662 ex-

275 2792 311 2827 1.
346 2790 564 2831 Guillaume
582 2792 630 2831 de
649 2795 904 2832 Haraucourt.

274 2851 311 2886 2.
341 2850 505 2888 Thomas
524 2850 571 2889 de
589 2851 773 2890 l'Oraille.
799 2853 831 2890 11
851 2853 954 2891 avait
970 2853 1031 2892 ete
1051 2854 1157 2892 bailli
1175 2855 1224 2893 de
1243 2858 1358 2894 Caen.
