2054 3470
379 299 428 335 24
744 293 1087 334 HISTORIARUM
1113 293 1349 333 LUDOVICI
1374 293 1433 331 XI

378 385 510 433 rabie
542 383 870 449 pereuntium,
896 383 1060 430 omnia
1092 399 1197 446 quae
1230 398 1402 447 capere
1437 391 1687 447 poterant,
1720 397 1794 429 as·

380 460 649 511 sumebant.

446 542 596 585 Porro
621 538 772 601 majus
795 537 925 584 aliud
948 537 1127 584 malum
1149 546 1195 583 et
1217 535 1359 601 longe
1382 536 1588 601 iniquius
1610 546 1657 583 et
1677 537 1798 584 into·

377 616 619 665 lerabilius
653 614 946 662 inferebatur
973 614 1164 675 multis,
1205 614 1317 678 qui,
1351 630 1463 660 cum
1498 613 1658 677 magni
1694 615 1797 662 auri

381 693 547 760 pondo
576 693 835 757 redemptis
857 691 1024 738 litteris
1049 708 1185 756 quas,
1210 690 1285 738 vel
1312 708 1401 756 pro
1424 690 1665 738 veteribus
1693 708 1800 756 quae

377 771 466 818 sub
490 770 719 818 defuncto
741 785 853 832 rege
877 769 1155 828 tenuissent,
1181 768 1256 816 vel
1277 769 1418 815 etiam
1435 785 1523 832 pro
1537 768 1675 815 novis
1692 768 1798 816 offi-

377 849 461 895 ciis
486 847 701 913 expediri
723 855 1084 912 procurassent,
1111 862 1222 892 cum
1246 862 1296 892 se
1314 845 1635 892 existimarent
1661 862 1798 893 secu-

378 944 476 985 ros,
500 926 713 973 decursis
735 925 900 990 paucis
918 924 1116 986 diebus,
1151 940 1202 971 se
1237 923 1485 971 frustratos
1513 923 1800 988 delusosque

378 1004 650 1068 turpissime
672 1001 1000 1049 inveniebant.
1023 1003 1155 1064 Saepe
1181 1001 1327 1058 enim,
1358 1000 1430 1048 vel
1456 1016 1542 1065 per
1563 1001 1801 1066 importu-

380 1082 576 1127 nitatem
599 1097 798 1145 precum
832 1081 931 1144 regi
957 1089 1288 1145 porrectarum
1306 1116 1317 1136 ‚
1350 1079 1594 1144 potissime
1617 1079 1679 1127 ab
1711 1080 1800 1127 illis

379 1157 460 1222 qui
484 1157 585 1220 ejus
603 1157 802 1203 comites
825 1157 875 1203 in
896 1156 1150 1204 Brabantia
1171 1165 1219 1202 et
1244 1155 1381 1202 terris
1403 1155 1803 1219 Burgundionum

380 1235 517 1281 ducis
536 1235 841 1293 exstitissent,
861 1233 1028 1281 eadem
1053 1232 1213 1280 officia
1234 1249 1317 1279 rex
1339 1233 1440 1279 aliis
1462 1232 1699 1290 donabat;
1727 1234 1803 1280 vel

379 1309 511 1356 idem
534 1311 733 1365 Boarre',
757 1309 1123 1374 superveniente
1135 1309 1217 1372 qui
1233 1308 1445 1373 priorem
1460 1310 1509 1354 in
1524 1307 1804 1356 muneribus

381 1388 638 1447 evinceret,
663 1387 905 1452 prioribus
928 1388 1121 1435 cassatis
1139 1387 1324 1448 litteris,
1341 1387 1596 1452 posteriori
1615 1387 1677 1434 de
1698 1388 1804 1452 ipso

383 1463 562 1523 officio,
589 1481 679 1529 pro
706 1481 804 1529 quo
828 1465 1012 1512 litteras
1041 1464 1141 1528 jam
1175 1464 1308 1511 alteri
1337 1463 1666 1529 expediverat,
1693 1464 1807 1512 alias

383 1542 686 1591 conficiebat.
723 1547 966 1608 Tantaque
990 1553 1090 1590 erat
1116 1543 1359 1603 confusio,
1394 1552 1467 1589 tot
1492 1542 1709 1603 fraudes,
1736 1553 1808 1591 tot

384 1621 484 1668 doli
511 1637 657 1685 super
693 1620 968 1683 hujusmodi
1006 1619 1276 1667 officiorum
1306 1609 1638 1667 distributione
1671 1637 1806 1667 com-

386 1699 533 1757 missi,
553 1698 686 1762 quod
706 1699 784 1745 vix
806 1697 902 1744 ulla
926 1698 1199 1744 narratione
1222 1696 1567 1762 comprehendi
1585 1707 1803 1762 possent;

386 1786 636 1840 tantasque
671 1775 902 1840 pecunias
934 1774 1062 1822 idem
1091 1776 1301 1833 Boarre',
1338 1774 1420 1837 qui
1446 1774 1676 1838 proximis
1697 1784 1807 1822 ante

387 1852 556 1899 diebus
579 1851 898 1917 pauperculus
919 1851 1172 1898 clientulus
1189 1860 1306 1910 erat,
1330 1850 1620 1913 congessisse
1636 1849 1808 1898 talibus

386 1930 588 1993 ingeniis
611 1939 753 1992 atque
777 1927 957 1975 artibus
981 1927 1241 1984 ferebatur,
1269 1926 1402 1991 quod
1425 1925 1637 1986 difficile,
1664 1927 1807 1974 etiam

388 2009 547 2055 minus
566 2018 708 2070 atque
731 2006 925 2052 recisius
947 2022 1112 2052 earum
1125 2021 1363 2053 summam
1382 2003 1667 2065 taxantibus,
1690 2003 1809 2052 fides

387 2083 662 2131 haberetur.
690 2086 807 2140 Quae
829 2099 940 2129 cum
962 2083 1028 2130 ita
1049 2083 1152 2146 agi,
1178 2099 1283 2147 quae
1311 2081 1486 2146 passim
1511 2080 1702 2146 publice
1729 2099 1808 2147 ge·

390 2160 634 2220 rebantur,
669 2161 890 2223 ignorare
921 2176 1081 2223 regem
1115 2159 1274 2206 nullus
1305 2159 1536 2223 potuisset
1556 2159 1805 2218 aestimare,

388 2239 710 2286 communiter
735 2236 975 2284 ferebatur
993 2236 1161 2283 talium
1183 2235 1622 2283 emolumentorum
1652 2237 1808 2301 ipsum

386 2332 546 2380 regem
564 2315 867 2361 inventorem
886 2323 1027 2378 atque
1044 2313 1325 2378 participem
1342 2312 1444 2360 fore
1462 2314 1491 2358 ¹.

450 2391 643 2439 Talibus
673 2391 831 2455 itaque
853 2390 1212 2438 inventionibus
1234 2407 1437 2454 regnum
1465 2406 1649 2455 pauper
1669 2399 1718 2437 et
1739 2391 1807 2439 af-

387 2471 567 2518 flictum
594 2467 896 2515 facultatibus
918 2466 1310 2527 exhauriebatur,
1349 2476 1396 2514 et
1421 2483 1564 2531 super
1597 2477 1810 2515 recentes

440 2630 458 2667 1
468 2657 478 2667 .
507 2628 567 2666 On
585 2626 629 2665 lit
647 2625 872 2665 neanmoins
888 2638 954 2663 sur
970 2637 1023 2663 un
1042 2625 1193 2675 agenda
1207 2623 1274 2662 des
1289 2622 1477 2675 premiers
1491 2623 1602 2671 jours
1618 2621 1673 2661 du
1687 2624 1808 2676 regne

383 2687 432 2726 de
456 2687 574 2726 Louis
601 2690 660 2727 XI
685 2696 745 2726 cet
769 2686 886 2726 ordre
912 2685 980 2737 qui
1001 2686 1060 2723 fut
1086 2684 1363 2723 certainemeut
1382 2682 1542 2721 exc'cute
1568 2698 1577 2720 :
1604 2700 1622 2717 u
1645 2684 1730 2732 Que
1751 2683 1806 2722 les

382 2746 662 2785 commissaires
675 2747 801 2785 facent
813 2758 927 2796 cryer
946 2746 968 2782 a
979 2757 1050 2796 son
1071 2743 1119 2781 de
1138 2751 1290 2794 trompe
1302 2756 1393 2794 que,
1410 2743 1468 2781 s'il
1489 2757 1515 2794 y
1533 2756 1557 2782 a
1574 2756 1721 2781 aucuns
1738 2742 1816 2794 qui,

381 2813 499 2857 ayent
515 2805 644 2844 donne
662 2813 798 2859 argent
815 2817 915 2857 pour
933 2811 1031 2843 estre
1053 2803 1216 2841 avances
1236 2816 1313 2841 aux
1338 2802 1486 2851 offices,
1502 2802 1616 2854 qu'ilz
1634 2802 1672 2841 le
1689 2801 1803 2840 reve-
