2054 3470
463 301 539 336 270
826 300 1166 339 HISTORIARUM
1193 301 1430 340 LUDOVICI
1458 303 1515 339 XI

463 387 798 451 triumphalem
822 388 1085 452 ingressum
1109 388 1171 435 ad
1192 387 1318 435 hanc
1337 405 1474 436 suam
1491 389 1668 451 regiam
1687 389 1875 450 urbem,

463 464 511 509 in
537 463 733 512 diversis
758 466 893 529 regni
919 465 1131 530 partibus
1154 467 1282 529 capti
1304 467 1506 514 fuerant.

526 544 597 588 De
627 542 760 606 cujus
792 542 1008 607 profecto
1041 545 1214 606 reginae
1244 544 1453 591 duorum
1484 543 1601 590 olim
1623 560 1878 607 regnorum

462 619 905 683 potentissimorum
920 655 934 680 ‚
960 621 1170 668 Franciae
1195 630 1240 668 et
1260 621 1457 684 Angliae,
1485 621 1707 668 aerumnis
1733 631 1877 687 atque

462 696 810 744 calamitatibus
843 714 944 745 non
969 697 1198 746 absimilia
1234 699 1328 746 dici
1354 708 1571 764 possent,
1601 714 1747 763 quam
1773 716 1880 764 quae

461 790 604 840 supra
627 775 687 823 de
711 777 786 823 sui
811 776 1001 823 Henrici
1023 776 1293 824 infelicitate
1315 793 1343 824 a
1364 777 1504 824 nobis
1523 777 1730 824 breviter
1749 778 1883 825 stric-

462 851 644 916 timque
672 853 819 900 relata
845 863 956 900 sunt
982 871 993 899 :
1023 853 1156 917 quod
1193 854 1350 918 plures
1382 856 1516 902 enim
1541 854 1879 919 tragoediarum

462 940 605 994 atque
626 931 850 995 lugubres
878 941 925 978 et
946 930 1151 978 luctuosi
1173 931 1234 979 de
1261 948 1318 980 ea
1338 932 1473 980 facile
1502 932 1616 996 fingi
1639 941 1835 997 possent
1846 934 1874 978 ¹.

462 1009 601 1073 Apud
621 1009 780 1073 ipsum
799 1018 958 1056 tamen
978 1008 1255 1056 Edoardum
1274 1010 1502 1056 victorem
1522 1009 1668 1076 hodie
1686 1010 1876 1069 dicitur,

461 1085 570 1133 loco
593 1086 925 1135 honestissimo
950 1096 997 1135 et
1017 1096 1138 1134 statu
1152 1123 1166 1147 ,
1189 1103 1300 1134 cum
1322 1102 1407 1134 sua
1421 1087 1583 1150 regina
1600 1096 1741 1151 atque
1763 1103 1880 1134 con·

455 1163 568 1227 juge
581 1167 595 1189 ²
619 1165 811 1211 retineri
833 1174 882 1212 et
902 1164 1069 1212 foveri.
1092 1167 1258 1211 Fertur
1279 1165 1409 1211 enim
1427 1164 1561 1227 quod
1580 1181 1690 1212 cum
1712 1164 1802 1212 sibi
1818 1163 1878 1212 ab

462 1241 713 1301 Edoardo,
747 1251 1004 1306 postquam
1037 1241 1127 1289 sub
1161 1241 1264 1305 ejus
1295 1251 1491 1289 venerat
1521 1257 1720 1302 manus,
1752 1241 1878 1289 obla·

461 1326 564 1365 tum
588 1318 747 1366 fuisset
773 1329 826 1366 ut
850 1336 876 1366 e
902 1318 1095 1369 duobus
1117 1318 1342 1380 alterum,
1369 1318 1504 1383 quod
1525 1318 1711 1378 mallet,
1739 1318 1881 1383 elige-

461 1405 531 1442 ret
547 1432 558 1454 ,
581 1395 655 1442 vel
687 1396 748 1442 ad
778 1397 982 1461 patriam
1009 1405 1324 1461 parentesque
1353 1395 1532 1454 redire,
1562 1396 1639 1442 vel
1660 1396 1710 1442 in
1732 1412 1881 1459 regno

461 1489 549 1519 suo
569 1474 713 1519 vitam
735 1473 930 1538 diesque
947 1491 1060 1521 suos
1077 1473 1307 1538 perficere
1324 1489 1380 1521 ac
1402 1472 1538 1520 finire
1550 1474 1591 1519 ⁸:
1617 1474 1655 1520 si
1673 1473 1883 1537 primum

461 1551 680 1614 eligeret,
708 1552 950 1616 navigium
973 1569 1083 1601 cum
1113 1552 1318 1600 honesto
1347 1553 1575 1599 comitatu
1604 1552 1882 1615 cunctisque

461 1629 605 1677 rebus
629 1631 904 1678 necessariis
926 1648 976 1678 se
1007 1632 1052 1678 ei
1082 1630 1394 1696 praebiturum
1427 1630 1529 1678 fore
1544 1666 1557 1690 ‚
1583 1629 1646 1677 ad
1667 1646 1773 1677 eam
1796 1629 1885 1677 de-

461 1708 763 1769 ducendam3
797 1710 870 1756 sin
900 1726 1016 1757 vero
1050 1710 1207 1773 potius
1240 1710 1289 1756 in
1320 1700 1470 1774 regno
1506 1724 1595 1756 suo
1629 1708 1884 1755 consistere

461 1786 622 1832 mallet
639 1822 651 1846 ‚
696 1786 922 1833 daturum
955 1802 1006 1833 se
1039 1785 1375 1833 honorabilem
1414 1785 1698 1849 pensionem
1734 1783 1883 1830 annui

462 1863 693 1923 redditus,
719 1874 764 1910 et
781 1880 884 1910 eam
905 1864 1039 1910 omni
1059 1863 1220 1910 favore
1238 1861 1466 1927 prosequi
1487 1871 1534 1908 et
1554 1860 1846 1922 humanitate
1867 1876 1877 1904 :

461 1941 611 2005 ipsam
635 1941 794 2005 potius
810 1941 1001 2004 elegisse
1021 1940 1312 2000 secundum,
1330 1939 1505 1986 scilicet
1521 1939 1571 1985 in
1589 1936 1753 2001 Anglia
1773 1954 1884 1984 con·

461 2019 623 2066 sistere
647 2029 694 2066 et
715 2020 1004 2066 remanere&

517 2145 554 2180 1.
586 2142 618 2180 11
644 2156 670 2193 y
693 2157 716 2181 a
737 2143 788 2182 ici
813 2156 889 2181 une
919 2142 1122 2181 alteration
1149 2141 1340 2194 profonde
1367 2141 1421 2181 du
1444 2149 1569 2189 texte,
1592 2141 1689 2180 mais
1711 2140 1804 2194 qu’il
1827 2148 1884 2179 est

462 2215 539 2254 peu
559 2202 654 2240 utile
675 2202 723 2241 de
742 2202 929 2241 chercher
949 2203 971 2239 a
989 2201 1161 2240 retablir.

516 2264 555 2300 2.
586 2257 781 2302 Elisabeth
790 2262 987 2314 Wydvile,
1007 2263 1083 2301 fille
1100 2262 1148 2301 de
1165 2261 1253 2300 lord
1267 2261 1421 2308 Rivers,
1436 2260 1532 2299 dont
1542 2260 1581 2299 le
1598 2260 1767 2312 mariage
1788 2271 1883 2299 avec

462 2317 643 2360 Edouard
662 2324 711 2359 IV
735 2322 838 2359 avait
859 2322 918 2359 e'te
940 2321 977 2360 la
1003 2335 1117 2360 cause
1138 2321 1330 2373 premiere
1350 2321 1399 2361 de
1424 2329 1547 2361 tontes
1568 2323 1625 2361 les
1644 2320 1884 2361 revolutions

463 2381 558 2419 dont
577 2395 628 2419 on
645 2382 752 2420 vient
771 2382 819 2420 de
837 2382 910 2420 lire
930 2382 965 2420 le
985 2383 1093 2422 recit.

519 2443 556 2480 3.
591 2444 727 2478 Venire
745 2441 840 2479 dans
858 2441 895 2479 le
916 2455 987 2480 ms.

518 2504 556 2539 4.
584 2501 765 2539 L’ancien
785 2510 1013 2539 annotateur
1037 2501 1090 2539 du
1109 2514 1182 2540 ms.
1205 2503 1308 2539 5962
1333 2514 1357 2539 a
1380 2501 1509 2550 ajout&
1532 2513 1582 2539 en
1603 2512 1736 2553 marge
1757 2515 1766 2538 z
1791 2502 1881 2539 Cum

463 2566 639 2599 nimirum
658 2563 884 2598 meminisset
901 2567 985 2610 sam
1005 2570 1121 2598 antea
1141 2575 1167 2597 α
1184 2564 1342 2598 Francis
1364 2575 1404 2599 se
1424 2565 1518 2598 satis
1538 2563 1666 2598 leviter·
1685 2569 1882 2611 exceptam

463 2635 557 2663 esse.
574 2626 619 2661 Je
636 2635 685 2660 ne
704 2622 777 2660 sais
794 2621 825 2659 si
838 2624 929 2660 c'est
945 2635 1021 2660 une
1040 2622 1144 2675 glose
1164 2635 1215 2660 ou
1234 2634 1309 2659 une
1324 2621 1506 2661 omission
1520 2620 1569 2660 de
1580 2621 1690 2674 copie
1705 2621 1878 2674 reparee.

464 2684 517 2720 Le
536 2682 604 2720 fait
619 2682 789 2720 constate
812 2695 882 2732 par
901 2695 945 2720 ce
964 2694 1124 2733 passage
1142 2680 1191 2719 de
1211 2681 1374 2719 Thomas
1397 2681 1511 2719 Basin
1527 2680 1626 2720 n’est
1646 2692 1715 2733 pas
1731 2678 1827 2719 dans
1844 2678 1883 2718 la

465 2741 628 2779 relation
645 2740 845 2791 francaise.
870 2740 901 2778 ll
919 2741 998 2778 saut
1013 2740 1049 2778 le
1065 2739 1285 2778 considerer
1302 2754 1450 2779 comme
1469 2754 1545 2779 une
1561 2740 1610 2779 de
1625 2753 1689 2779 ces
1703 2739 1882 2779 ridicules

465 2801 637 2839 versions
662 2799 944 2851 qu’accueillait
969 2813 1063 2838 avec
1087 2809 1387 2851 cmpressement
1408 2801 1446 2838 la
1471 2800 1656 2839 eredulite
1678 2799 1746 2838 des
1768 2797 1883 2848 suiets
