2054 3470
407 306 485 345 184
775 303 1113 342 HISTORIARUM
1139 303 1378 342 LUDOVICI
1404 304 1463 341 xl

407 392 616 442 reddidit
638 401 782 458 atque
803 391 1026 439 invisum.
1054 391 1199 450 Quod
1220 408 1277 439 ex
1302 392 1432 458 ipsis,
1458 406 1563 456 quae
1583 391 1633 439 in
1655 407 1819 440 conse-

405 470 804 536 quentibus,.suo
827 469 1018 527 ordine,
1049 470 1328 532 referentur,
1356 469 1648 517 manifestius
1670 485 1818 535 appa-

400 548 543 598 rebit.

467 627 613 691 Igitur
642 634 696 672 ut
722 624 1016 671 matrimonii
1044 625 1275 672 solemnia
1303 634 1570 689 agerentur,
1598 623 1815 673 traducta

400 715 471 753 est
503 705 554 751 in
589 701 859 750 Flandriam
894 701 1103 749 Edoardi
1130 718 1283 761 soror,
1317 712 1364 749 et
1391 706 1589 766 Brugas,
1631 701 1813 766 insigne

398 782 634 849 oppidum
667 781 924 841 Flandriae‚
961 780 1206 842 adducta¹,
1244 780 1325 827 ubi
1359 781 1550 828 illustris
1582 780 1808 841 Carolus,

395 858 793 925 Burgundionum
816 859 935 920 dux,
963 875 1074 905 cum
1097 868 1227 906 tanta
1249 858 1629 923 spectaculorum
1651 859 1810 907 varie-

394 948 489 986 tate
520 947 568 985 et
593 937 985 985 vestimentorum
1010 945 1200 997 ornatu,
1226 953 1337 983 cum
1358 946 1488 984 tanta
1511 936 1810 1002 supellectilis

392 1016 525 1063 aurei
543 1024 590 1062 et
611 1014 821 1078 argentei
842 1013 1000 1079 copia,
1027 1012 1316 1060 ferculorum
1333 1029 1512 1078 pompa
1530 1023 1672 1079 atque
1695 1030 1809 1062 exu-

391 1092 608 1140 berantia
625 1128 638 1153 ,
675 1090 1067 1156 abundantiaque
1110 1092 1332 1138 vinorum
1378 1101 1423 1138 et
1473 1090 1808 1140 artificatarum

391 1170 675 1235 potionum,
713 1169 989 1216 convivium
1024 1168 1194 1216 instrui
1227 1178 1370 1233 atque
1406 1170 1624 1234 apparari
1655 1169 1802 1230 fecit¹,

390 1246 524 1312 quod
555 1262 806 1311 nunquam
831 1262 964 1312 paene
992 1246 1353 1310 magnificentiae
1388 1246 1647 1294 consimilis
1677 1247 1806 1294 aliud

387 1325 481 1372 tale
513 1324 645 1390 apud
678 1324 864 1384 Gallos,
903 1327 1168 1371 Germanos
1209 1335 1291 1372 aut
1330 1325 1583 1372 Britannos
1629 1324 1808 1372 factum

386 1402 528 1449 fuisse
553 1401 807 1449 recolatur.
839 1402 933 1449 Sed
961 1402 1072 1466 quia
1098 1412 1227 1450 extra
1254 1411 1473 1449 nostrum
1501 1402 1806 1467 propositum

383 1489 452 1527 est
496 1479 617 1526 velle
671 1478 878 1544 singulas
934 1478 1059 1526 illius
1113 1479 1506 1545 splendidissimae
1545 1479 1805 1527 festivitatis

384 1567 542 1623 partes
563 1557 779 1621 exsequi,
809 1557 923 1622 ipsis
947 1557 1009 1604 ab
1031 1557 1157 1618 aliis,
1183 1557 1350 1605 talium
1375 1574 1535 1605 rerum
1553 1557 1799 1617 studiosis,

381 1634 660 1683 enarrandis
707 1634 966 1695 derelictis,
1011 1644 1179 1683 caetera
1215 1635 1350 1699 juxta
1379 1645 1608 1701 susceptae
1638 1651 1803 1683 narra-

382 1713 527 1759 tionis
549 1712 771 1759 ordinem
792 1728 1157 1778 prosequamur,
1184 1713 1246 1760 ad
1276 1730 1429 1760 unum
1455 1709 1613 1760 tamen
1630 1749 1641 1771 ‚
1668 1711 1801 1777 quod

380 1789 599 1836 nondum
634 1807 659 1837 a
688 1789 828 1837 nobis
858 1790 1060 1837 relatum
1083 1790 1282 1850 exstitit,
1309 1799 1494 1853 gestum
1522 1789 1667 1854 paulo
1689 1798 1799 1837 ante

378 1866 654 1930 hujusmodi
704 1868 980 1932 nuptiarum
1028 1876 1170 1930 atque
1210 1866 1397 1914 foederis
1441 1865 1796 1930 copulationem

377 1953 684 1991 revertentes.

430 2101 448 2137 1
459 2130 469 2140 .
486 2099 671 2138 L’auteur
683 2100 848 2152 anticipe
864 2113 930 2138 sur
947 2100 1003 2139 les
1018 2100 1279 2150 &venements,
1300 2113 1366 2139 car
1382 2100 1421 2139 la
1437 2100 1631 2153 princesse
1648 2099 1795 2140 d'York

372 2173 423 2199 ne
443 2159 641 2211 debarqua
658 2162 679 2198 a
700 2152 866 2199 l’Ecluse
885 2173 960 2211 que
979 2161 1015 2199 le
1043 2163 1094 2199 25
1118 2160 1205 2209 juin
1230 2162 1349 2199 1468.
1378 2163 1432 2199 Le
1451 2161 1623 2214 mariage
1647 2174 1689 2200 se
1708 2161 1751 2199 fit
1772 2162 1795 2198 a

373 2222 489 2267 Dam,
510 2219 547 2258 le
567 2221 589 2257 3
605 2214 732 2268 juillet
751 2219 918 2258 suivant.

427 2280 467 2317 2.
498 2280 551 2317 Ce
578 2279 689 2318 festin
707 2288 775 2318 eut
796 2279 875 2318 lieu
896 2279 1182 2319 effectivement
1205 2282 1228 2319 a
1254 2283 1402 2334 Bruges
1423 2281 1459 2320 le
1481 2281 1573 2330 jour
1596 2281 1722 2320 meme
1740 2280 1794 2320 du

374 2338 558 2390 mariage.
