2054 3470
716 366 861 402 mmm
884 352 1085 402 Pm'mns.
1555 367 1604 403 6⁹

198 459 469 506 vicariatum
497 453 713 519 regendae
741 451 829 499 sub
857 468 906 498 se
937 452 1240 499 Normanniae
1266 468 1350 498 seu
1375 453 1607 517 portionis

197 538 299 602 ejus
336 533 589 590 concessit,
633 531 820 596 plenam
865 529 984 576 dans
1023 529 1094 588 ei,
1137 530 1186 575 in
1232 529 1607 578 administranda

197 610 522 678 hujuscemodi
546 608 812 675 provincia,
838 609 1160 672 potestatem¹.
1190 608 1444 654 Constituit
1464 609 1605 656 etiam

198 691 240 738 ei
270 699 318 737 et
346 687 581 736 ordinavit
607 685 861 732 maximam
889 684 1193 748 pensionem,
1229 701 1333 749 quae
1363 695 1605 734 menstrua

195 767 285 815 tria
305 765 450 813 millia
474 764 749 811 francorum
766 761 967 808 reddere
989 760 1261 821 dicebatur3
1282 778 1387 826 quae
1403 762 1451 808 in
1477 778 1606 810 anno

194 843 382 906 triginta
405 839 521 907 [sex]
543 839 690 887 millia
714 837 967 886 faciebant.

235 918 374 966 ,Inde
396 928 556 966 autem
578 917 703 964 idem
728 915 920 963 illustris
941 915 1161 974 Carolus,
1186 915 1341 963 dictus
1363 933 1524 964 comes
1545 917 1607 964 de

196 996 459 1057 Charolois,
491 1004 732 1042 revertens
762 993 823 1041 ad
850 993 1071 1058 propria,
1102 1009 1189 1057 per
1216 993 1385 1041 urbem
1417 994 1606 1042 Rotho-

194 1089 385 1138 magum
415 1073 502 1119 iter
531 1087 670 1119 suum
696 1069 882 1117 direxit.
912 1072 965 1115 ln
991 1085 1088 1133 qua
1114 1069 1232 1116 urbe
1257 1070 1466 1117 maximo
1494 1088 1605 1119 cum

193 1150 379 1198 honore
418 1166 446 1197 a
482 1148 664 1196 civibus
702 1156 922 1212 acceptus
959 1146 1334 1212 muneribusque
1366 1148 1602 1207 donatus,

193 1229 334 1277 etiam
366 1228 551 1274 vinctos
584 1241 939 1291 quoscumque,
974 1225 1058 1288 qui
1094 1225 1144 1272 in
1188 1225 1380 1290 publico
1418 1244 1607 1275 carcere

194 1322 284 1371 pro
324 1303 602 1352 criminibus
648 1301 978 1360 servabantur,
1015 1318 1071 1349 ex
1113 1302 1438 1351 munificentia
1480 1306 1609 1368 regia

195 1381 369 1447 liberos
390 1390 532 1446 atque
556 1379 800 1428 absolutos
821 1380 890 1426 ire
912 1378 1126 1426 dimisit’.

261 1462 383 1506 Cum
418 1475 532 1505 vero
569 1457 630 1505 ad
668 1467 853 1522 patrem
890 1472 946 1503 ac
982 1457 1184 1521 patriam
1229 1457 1467 1517 rediisset,
1506 1476 1603 1506 non

197 1537 347 1584 multo
364 1535 578 1602 posthac,
600 1544 846 1582 contracta
862 1533 1224 1598 quodammodo
1243 1534 1506 1582 offensione
1525 1554 1606 1601 pa·

198 1626 332 1664 terna
349 1624 545 1681 propter
565 1614 823 1660 simultates
844 1622 891 1660 et
912 1612 1261 1673 contentiones,
1287 1613 1499 1676 quaejam
1523 1614 1602 1660 diu

199 1692 309 1740 satis
334 1691 631 1754 interipsum
654 1698 699 1735 et
723 1689 973 1735 dominum
997 1688 1058 1735 de
1084 1689 1235 1751 Croy³
1259 1688 1277 1753 ζ
1280 1690 1361 1753 qui
1378 1691 1499 1755 patri
1516 1708 1603 1737 suo

198 1769 499 1817 charissimus
524 1783 793 1830 magnoque
810 1765 937 1831 apud
953 1783 1063 1813 eum
1081 1766 1189 1813 loco
1206 1783 1394 1832 semper
1413 1768 1603 1816 habitus

199 1846 373 1910 fuerat)
396 1845 706 1902 duraverant,
732 1845 779 1890 in
807 1843 1110 1891 Hollandiam
1135 1845 1324 1891 secessit
1349 1845 1602 1894 habitavit-

197 1940 306 1989 que,
327 1923 455 1970 velut
476 1920 838 1985 quodammodo
861 1920 1103 1968 abdicatus
1124 1938 1151 1968 a
1173 1932 1324 1987 patre,
1350 1923 1397 1969 in
1422 1924 1604 1989 oppido

196 2001 256 2049 de
276 1999 482 2048 Gorltum
502 1998 761 2063 appellato,
789 2015 932 2063 supra
955 1999 1081 2064 ripas
1105 1998 1314 2047 fluminis
1334 1999 1502 2059 Rheni,
1519 2019 1606 2066 per

197 2091 411 2146 tempora
427 2079 536 2126 satis
549 2078 730 2142 longa‘.
752 2078 918 2125 Statim
934 2088 1092 2125 autem
1106 2089 1160 2125 ut
1179 2079 1305 2126 hanc
1323 2096 1349 2126 a
1366 2090 1498 2145 patre
1517 2099 1605 2128 suo

196 2160 484 2204 Francorum
502 2172 584 2202 rex
602 2156 827 2218 cognovit
843 2156 1176 2215 secessionem,
1194 2156 1323 2204 velut
1343 2158 1388 2204 in
1408 2159 1604 2222 gratiam

197 2235 339 2298 patris
372 2249 648 2280 succensere
678 2232 871 2291 volens,
905 2232 1003 2279 filio
1037 2233 1213 2282 dictam
1249 2235 1529 2300 pensionem
1564 2247 1607 2284 et

197 2310 468 2359 vicariatum
507 2309 893 2357 administrandae
932 2312 1234 2359 Normanniae
1251 2348 1263 2371 ,
1308 2313 1453 2378 paulo
1497 2324 1607 2362 ante

251 2447 292 2486 1.
319 2448 374 2484 La
392 2445 634 2484 lieutenance
655 2446 834 2497 generale
849 2446 899 2485 de
920 2447 1153 2486 Normandie
1172 2449 1230 2486 fut
1245 2448 1396 2488 donnee
1413 2463 1462 2488 au
1482 2460 1608 2490 comte

201 2503 248 2542 de
267 2505 459 2544 Charolais
470 2536 481 2554 ‚
495 2519 574 2544 non
591 2520 659 2557 pas
678 2509 791 2558 apres
802 2536 811 2552 ,
827 2508 924 2545 mais
943 2516 1060 2545 avant
1079 2508 1115 2545 le
1131 2522 1281 2561 voyage
1297 2509 1350 2547 du
1368 2510 1426 2548 roi
1442 2523 1489 2548 en
1506 2513 1604 2550 Gas-

199 2578 342 2618 cogne,
361 2579 410 2604 au
425 2568 520 2606 mois
538 2567 733 2606 d'octobre
750 2570 867 2605 1461.

252 2625 292 2663 2.
309 2626 361 2662 Le
379 2635 500 2664 comte
514 2626 560 2664 de
575 2627 771 2674 Charolais
791 2627 969 2675 sejourna
989 2629 1010 2664 ὲι
1029 2630 1164 2666 Rouen
1183 2628 1239 2666 les
1258 2631 1323 2678 19,
1347 2631 1397 2667 90
1414 2638 1451 2666 et
1468 2632 1510 2667 2¹
1536 2630 1607 2667 de-

200 2681 352 2720 cembre
371 2685 486 2724 1⁴61.
511 2686 671 2738 Lenglet
696 2687 930 2738 Dufresnoy,
953 2689 1175 2734 Commines,
1198 2696 1223 2725 t.
1246 2691 1298 2738 ΙΙ,
1320 2702 1358 2739 p.
1380 2690 1472 2729 175.

254 2743 292 2782 3.
321 2743 482 2781 Antoine
499 2744 547 2781 de
567 2746 680 2796 Croy.

252 2803 290 2838 4.
321 2804 375 2839 La
393 2802 579 2852 premiere
603 2805 821 2855 separation
851 2805 903 2842 du
930 2814 1054 2844 comte
1081 2806 1129 2844 de
1151 2806 1349 2844 Charolais
1378 2805 1510 2843 d'avec
1539 2817 1607 2842 son

199 2861 291 2911 pere
310 2870 374 2899 eut
397 2861 472 2899 lieu
496 2863 516 2899 a
539 2862 575 2900 la
594 2864 643 2901 fin
663 2864 711 2902 de
728 2865 857 2912 juillet
879 2867 997 2903 1462.
