2054 3470
746 319 892 356 mmm
925 319 1166 366 QUARTUS.
1584 323 1653 360 351

258 413 353 452 tem
366 403 649 464 abstulisset,
664 404 878 452 arbitrati
893 415 1019 452 sunt.
1035 409 1184 453 Tanta
1198 407 1326 453 enim
1340 407 1470 454 velut
1486 407 1659 457 nebula

255 490 303 529 et
325 491 419 529 tam
440 491 557 542 atra,
578 499 636 529 ex
659 483 833 532 ictibus
853 482 1184 546 hujuscemodi
1205 483 1550 545 machinarum,
1579 502 1660 533 aer

254 559 534 606 incrassatus
555 568 676 620 erat,
703 569 754 606 ut
769 597 782 620 ,
809 575 904 623 qua
923 568 1054 624 parte
1072 559 1284 607 hostium
1303 576 1483 608 cuneos
1499 562 1658 627 potius

253 637 544 694 invenirent,
569 654 669 685 non
692 638 804 685 satis
822 647 1017 702 possent
1036 654 1311 701 agnoscere.

315 714 462 778 Igitur
479 715 560 762 tali
580 713 736 762 subita
753 715 1023 779 irruptione
1045 715 1095 761 in
1119 714 1279 762 hostes
1306 731 1334 762 a
1352 717 1654 780 ,Burgundio-

251 789 390 839 nibus
406 790 545 849 facta‚
566 791 764 840 emolliti
782 801 894 841 sunt
918 801 1177 855 utcumque
1203 791 1383 840 feroces
1404 793 1553 841 animi
1573 794 1658 842 im-

249 869 478 934 peratoris
499 878 546 916 et
567 886 765 917 suorum
786 872 1136 917 Germanorum
1152 907 1164 930 ,
1194 882 1242 918 et
1272 871 1430 918 statim
1460 873 1568 936 p'ost
1595 871 1656 919 de

247 961 365 1010 pace
387 947 725 1013 componenda
746 949 870 995 inter
893 964 943 995 se
962 947 1164 995 verbum
1186 946 1473 996 habuerunt.

261 1047 265 1050 ·
312 1026 462 1071 Porro
484 1041 596 1072 cum
612 1062 625 1084 ,
652 1024 782 1072 hisce
814 1024 1010 1084 diebus,
1042 1024 1129 1071 de¹
1149 1024 1331 1087 ingenti
1355 1025 1656 1090 expeditione

247 1108 293 1147 et
323 1101 496 1162 classe,
531 1118 649 1166 quas
672 1102 933 1166 Anglorum
959 1119 1041 1149 rex
1065 1100 1377 1167 adparaverat
1409 1102 1472 1150 ad
1497 1119 1658 1168 aggre-

242 1175 477 1227 diendum
507 1195 710 1244 regnum
742 1182 1035 1227 Francorum
1066 1188 1114 1226 et
1146 1179 1374 1228 auxilium
1407 1180 1656 1228 ferendum

243 1256 638 1320 Burgundionum
662 1257 801 1317 duci,
831 1257 1019 1304 sororio
1036 1273 1124 1304 suo
1138 1292 1151 1315 ‚
1173 1266 1316 1321 atque
1337 1256 1550 1320 ejusdem
1572 1274 1654 1323 ap-

161 1319 163 1322 ⁴
243 1333 384 1397 pulsu
417 1333 479 1381 ad
510 1334 670 1382 littora
705 1335 1007 1382 Normanniae
1039 1333 1349 1382 celeberrima
1386 1344 1500 1394 tunc
1530 1335 1654 1384 fama

243 1409 583 1472 crebresceret,
612 1429 699 1460 seu
721 1413 920 1471 sincere,
947 1428 1031 1458 seu
1054 1411 1211 1477 potius
1234 1410 1343 1459 ficte
1364 1421 1412 1458 et
1435 1428 1492 1459 ex
1526 1429 1653 1460 com-

241 1487 398 1551 posito
423 1487 576 1551 (quod
597 1504 627 1535 a
643 1489 861 1552 plurimis
886 1487 1122 1535 creditum
1151 1488 1260 1551 est),
1287 1504 1450 1535 comes
1477 1491 1653 1537 Sancti-

243 1563 392 1624 Pauli,
413 1581 558 1628 quem
570 1565 980 1613 constabularium
997 1565 1203 1611 Franciae
1221 1565 1362 1612 fuisse
1379 1582 1522 1631 supra
1540 1567 1654 1615 dixi-

241 1656 374 1702 mus,
400 1657 560 1704 regem
592 1644 910 1703 Francorum,
931 1642 1015 1706 qui
1036 1642 1085 1687 iu
1106 1641 1321 1688 Picardia
1345 1651 1447 1689 tum
1470 1652 1572 1690 erat
1606 1654 1653 1691 et

240 1717 288 1764 in
313 1733 370 1765 ea
394 1734 565 1782 magna
594 1719 823 1784 perficere
850 1719 950 1783 jam
982 1719 1093 1766 satis
1123 1735 1350 1784 prospere
1376 1718 1645 1778 inchoarat,

238 1804 381 1859 atque
402 1797 570 1860 procul
591 1796 739 1844 dubio
755 1834 768 1856 ,
791 1797 882 1843 nisi
899 1796 1012 1843 inde
1035 1805 1282 1843 revocatus
1301 1796 1486 1855 fuisset,
1508 1797 1651 1846 sactu-

237 1889 318 1920 rus
340 1873 655 1921 verisimiliter
685 1883 810 1934 erat,
847 1890 934 1939 per
966 1873 1190 1938 epistolas
1215 1883 1263 1920 et
1283 1874 1478 1921 nuntios
1500 1883 1650 1923 terre-

238 1949 367 1997 fecit:
397 1949 487 1998 sibi
507 1951 732 1998 intimans
749 1951 823 2015 (ut
844 1967 872 1998 a
895 1950 1091 1998 feliciter
1113 1951 1277 2014 coeptis
1302 1966 1413 1998 eum
1435 1951 1647 2000 retrahe·

236 2023 330 2090 ret)
339 2027 472 2092 quod
486 2044 569 2075 rex
583 2029 845 2092 Anglorum
862 2027 925 2075 ad
938 2028 1098 2075 littora
1114 2029 1415 2078 Normanniae
1420 2027 1522 2091 jam
1537 2045 1648 2076 cum

237 2102 382 2151 classe
408 2120 494 2151 sua
516 2104 763 2169 appulerat
789 2104 864 2152 vel
890 2105 942 2151 in
970 2105 1218 2170 procinctu
1249 2114 1350 2152 erat
1381 2104 1464 2151 illo
1492 2105 1647 2172 appel-

236 2178 391 2239 lendi,
421 2190 470 2227 et
501 2180 634 2244 quod
664 2180 725 2227 de
757 2179 852 2227 hoc
883 2181 985 2244 ipse
1017 2181 1192 2228 certior
1215 2190 1315 2228 erat
1335 2180 1502 2228 factus.
1531 2184 1646 2240 Quae

236 2274 310 2305 res
335 2274 362 2305 a
390 2273 499 2321 rege
528 2257 709 2305 credita
737 2266 923 2304 mature
954 2274 1091 2319 eum,
1118 2275 1230 2306 cum
1257 2259 1354 2306 suis
1381 2259 1533 2324 copiis
1550 2297 1562 2318 ,
1593 2262 1643 2308 in

234 2335 578 2382 Normanniam
606 2333 835 2398 repedare
864 2333 989 2380 fecit.
1034 2335 1179 2391 Quod
1210 2352 1322 2382 cum
1351 2335 1534 2384 fecisset
1564 2346 1639 2399 et,

236 2412 370 2476 quod
391 2412 483 2460 sibi
509 2429 537 2459 a
558 2412 687 2459 dicto
710 2412 886 2458 comite
911 2411 1222 2459 Sancti-Pauli
1248 2423 1519 2477 suggestum
1543 2414 1644 2462 fue-

234 2499 329 2548 rat,
366 2490 689 2554 comperiisset
717 2489 912 2536 veritate
945 2505 1045 2535 non
1077 2488 1356 2550 subsistere,
1393 2507 1538 2554 quam
1581 2491 1642 2539 de

234 2566 539 2631 perfidia-sua
558 2567 645 2614 diu
665 2567 764 2630 jam
791 2575 902 2613 ante
932 2566 1253 2631 suspicionem
1279 2580 1526 2632 acceperat
1542 2606 1554 2627 ‚
1588 2578 1641 2615 ut

234 2642 323 2690 sibi
350 2644 551 2709 amplior
573 2654 620 2691 et
640 2644 970 2691 vehementior
998 2643 1132 2691 fieret
1159 2643 1294 2691 facile
1325 2645 1494 2692 effecit.
1524 2647 1639 2701 Quae

287 2811 325 2846 ί.
358 2811 447 2847 cum
468 2807 616 2845 dansle
638 2820 709 2845 ms.
