2054 3470
656 360 814 397 mnEx
840 359 1204 408 emmonim.
1562 360 1640 398 ⁴33

281 476 457 524 Angliam,
472 485 506 513 et
516 477 711 513 Henricum
722 490 852 526 regem,
866 464 1063 513 Londoniis
1078 486 1233 526 captum,
1246 477 1365 515 denuo
1378 478 1417 514 in
1431 449 1643 514 Tur-renen

280 535 562 582 Londoniarnm,
578 537 631 572 uti
650 538 766 585 prius,
783 550 921 574 carcere
939 538 1078 572 reclusit
1082 563 1541 576 ....................
1547 550 1554 555 ·
1571 539 1642 573 255

237 625 447 662 ema-uma
463 641 500 664 x.
516 647 565 655 —
582 628 634 662 De
648 627 770 674 praelio
792 627 980 662 commisso
995 627 1138 662 Paschae
1155 626 1231 671 die,
1248 628 1286 662 in
1300 641 1386 675 quo,
1403 628 1548 664 cedente

280 684 428 721 victoria
449 685 636 730 Eduardo,
663 698 779 721 comes
800 686 846 721 de
871 687 1026 723 Warvich
1048 699 1132 722 cum
1159 688 1278 723 multis
1300 700 1444 723 suarum
1466 700 1546 735 par-

279 744 368 779 tium
398 745 586 780 exstinctus
608 753 658 780 est
661 771 1544 783 ......................................
1572 747 1638 782 261

233 838 444 874 Csrn'unm
458 851 507 874 xl.
522 859 571 867 —-
586 841 638 874 De
657 840 769 875 altero
784 840 907 887 praelio
923 839 1020 887 apud
1041 819 1213 883 Tenisberi,
1231 840 1269 874 in
1288 853 1361 887 quo
1380 841 1549 876 occubuit

278 896 444 933 dominus
458 897 659 943 mom-dus,
681 899 846 946 princeps
860 899 1003 935 Wauiae
1015 926 1026 944 ‚
1045 912 1126 934 cum
1142 900 1262 934 multis
1268 925 1546 937 ............
1574 901 1644 935 263

232 993 442 1029 Cuia-unm:
457 1006 522 1028 xn,
541 1013 590 1020 —
603 993 812 1038 Quomodo,
828 1003 909 1042 post
921 995 1070 1038 bellum,
1082 995 1196 1030 varias
1214 995 1334 1031 turbas
1347 1004 1382 1030 et
1396 995 1545 1031 seditio·
1608 1038 1612 1043 ἱ

277 1065 398 1087 sorum
418 1053 642 1088 collectiones
656 1051 844 1088 Edoardus
862 1054 1077 1102 compescuit
1082 1080 1467 1092 .................
1472 1045 1492 1091 ’.
1506 1081 1515 1090 .
1530 1082 1539 1091 .
1571 1056 1641 1092 266

229 1149 442 1185 Cunnum
457 1161 533 1186 xm.
553 1169 603 1178 —
623 1151 677 1184 De
702 1150 827 1185 iterato
850 1148 1009 1185 Edoardi
1029 1150 1121 1198 regis
1138 1150 1298 1198 ingressu
1322 1149 1550 1195 Londonias,

278 1217 390 1243 morte
405 1206 549 1244 Hem-ici
565 1218 599 1244 et
620 1209 719 1244 totali
739 1210 1043 1245 consummatione
1059 1209 1337 1258 recuperationis
1351 1210 1452 1257 regni
1475 1211 1551 1244 An·

273 1268 351 1315 gliae
355 1293 1544 1305 ..................................................
1577 1269 1647 1304 269

229 1357 441 1392 Caranum
458 1369 528 1392 xiv.
543 1376 590 1384 —
603 1357 763 1400 Qualiter
777 1365 906 1404 treugae
922 1358 1020 1393 factae
1036 1357 1179 1393 fuerunt
1193 1357 1285 1393 inter
1298 1370 1416 1405 regem
1434 1365 1468 1392 et
1487 1354 1551 1392 du-

226 1443 231 1446 -
276 1429 352 1452 cem
372 1416 607 1464 Burgundiae‚
624 1425 658 1451 et
676 1418 790 1452 soluta
807 1416 948 1452 obsidio
968 1417 1213 1453 Ambianensis
1217 1443 1542 1454 ..............
1573 1418 1643 1452 273

227 1511 440 1547 Curi-mim
458 1523 517 1546 xv.
542 1531 588 1538 —
603 1510 816 1555 Quomodo,
837 1510 1057 1546 currentibus
1076 1510 1206 1546 eisdem
1221 1511 1364 1558 treugis,
1385 1511 1546 1556 Carolus,

275 1569 350 1604 dux
363 1570 558 1616 Aquitaniae
569 1597 580 1614 ,
597 1569 710 1605 foedus
724 1582 806 1604 cum
826 1569 916 1605 duce
935 1569 1148 1618 Burgundiae
1167 1569 1364 1617 copulavit,
1385 1578 1419 1604 et
1435 1570 1550 1604 comi-

273 1637 345 1664 tem
362 1629 554 1664 Arminiaci
569 1629 640 1664 suis
657 1629 756 1664 terris
771 1629 920 1664 restituit
933 1628 995 1674 3‘et
1012 1629 1057 1664 de
1075 1629 1176 1677 gestis
1195 1628 1352 1677 ejusdem
1372 1629 1522 1666 comitis.
1538 1656 1548 1666 .
1573 1629 1644 1663 278

226 1721 437 1757 omniun
463 1733 536 1756 xvr.
553 1741 600 1749 —
615 1720 808 1764 Quomodo
827 1720 922 1756 idem
941 1733 1058 1756 comes
1075 1720 1281 1764 Arminiaci,
1301 1734 1323 1756 a
1341 1733 1422 1768 rege
1443 1733 1548 1756 exsu-

270 1779 373 1822 latus,
385 1791 449 1827 per
461 1778 588 1814 ducem
600 1779 795 1826 Aquitaniae
810 1778 855 1815 ad
867 1780 1014 1828 propria
1031 1780 1099 1814 fuit
1117 1779 1317 1824 restitutus5
1334 1789 1368 1815 et
1386 1779 1431 1815 de
1448 1781 1543 1828 ejus·

270 1837 353 1874 dem
370 1838 566 1886 Aquitania
583 1837 684 1875 ducis
702 1851 767 1887 per
782 1851 960 1876 venenum
978 1838 1208 1875 exstinctione
1211 1863 1535 1876 ..............
1567 1840 1636 1875 284

731 2037 870 2072 unm
890 2037 1128 2082 QUARTUS.

220 2172 430 2209 Cum-uum
443 2185 601 2209 mtnttm.
617 2193 665 2202 -
678 2174 849 2219 Qualiter,
862 2176 1032 2212 exstincto
1048 2175 1243 2223 Aquitaniae
1263 2175 1367 2221 duce,
1381 2188 1444 2212 rex
1459 2177 1547 2211 mul-

266 2233 310 2267 tis
330 2233 609 2268 simulationibus
634 2232 798 2268 deluserit
817 2232 941 2268 ducem
967 2234 1202 2282 Burgundiae;
1226 2244 1261 2270 et
1285 2234 1330 2270 de
1355 2247 1537 2282 expugna-

267 2292 363 2327 tione
385 2293 513 2328 castelli
536 2291 582 2327 de
602 2293 702 2327 Nesla
724 2293 762 2326 in
783 2293 1038 2339 Viromandh,
1058 2303 1092 2329 et
1109 2294 1294 2330 obsidione
1311 2295 1451 2330 Belvaci
1472 2308 1537 2342 per

263 2350 531 2398 Burgundiones
537 2376 1527 2389 ..........................................
1558 2354 1627 2389 289

218 2447 427 2484 Gummi
444 2461 486 2485 11.
502 2469 550 2476 —
566 2448 757 2492 Quomodo
776 2448 1074 2496 Burgundionum
1091 2449 1185 2497 dux,
1207 2450 1358 2498 acceptis
1377 2450 1531 2497 epistolis

265 2507 365 2543 ducis
378 2508 564 2544 Britanniae
582 2518 615 2544 et
630 2510 849 2557 processibus
866 2510 994 2544 habitis
1014 2519 1136 2546 contra
1154 2511 1327 2547 veneficos
1350 2510 1388 2544 in
1403 2509 1533 2545 Burde-

264 2568 357 2614 gala,
382 2568 444 2614 qui
464 2568 591 2603 ducem
616 2569 811 2616 Aquitaniae
834 2569 1087 2616 intoxicarant,
1109 2571 1221 2607 soluta
1244 2569 1429 2605 obsidione
1450 2571 1529 2605 Bel-

266 2628 359 2672 vaci,
379 2640 482 2675 agros
499 2628 693 2664 Caletenses
710 2637 745 2664 et
763 2630 850 2664 alios
874 2629 1010 2666 vicinos
1038 2642 1147 2677 usque
1173 2629 1221 2665 ad
1249 2629 1382 2664 flumen
1404 2630 1527 2673 Isarae,

263 2688 382 2724 omnia
397 2688 604 2736 populando
623 2698 658 2725 et
675 2689 883 2737 cremando,
901 2690 1062 2727 lustravit
1065 2715 1524 2727 ....................
1555 2691 1625 2726 295

217 2786 428 2823 Cum-uum
449 2800 506 2823 m.
522 2807 569 2814 —
589 2788 642 2822 De
657 2786 748 2822 dolis
765 2787 902 2823 comitis
917 2787 1109 2823 Arminiaci
1127 2787 1302 2835 ipsiusque
1321 2786 1415 2822 caede
1434 2795 1468 2822 et
1484 2788 1530 2822 ci-

265 2846 377 2882 vitatis
391 2859 460 2882 suae
475 2847 693 2882 Lectorensis
706 2847 918 2882 crematione
921 2870 1521 2882 ..........................
1554 2847 1622 2881 300

431 2927 468 2950 11
1361 2912 1410 2948 28
