2054 3470
402 361 478 398 138
685 411 690 415 ⁸
762 358 1106 397 HISTORIARUM
1131 359 1373 399 LUDOVICI
1399 361 1459 399 XI

400 449 523 514 regis
536 464 683 514 quam
698 448 974 514 principum
997 464 1189 496 assensu
1201 485 1214 509 ,
1233 448 1374 497 fuisse
1387 449 1598 497 delectos
1613 486 1626 511 ,
1644 449 1820 514 quibus

401 545 492 593 pro
525 526 661 575 bono
699 526 896 592 publico
931 535 979 574 et
1012 527 1319 575 instauranda
1356 527 1407 574 in
1443 526 1690 575 meliorem
1723 528 1821 576 for-

400 624 531 655 mam
559 624 612 654 re
635 606 827 672 publica
845 606 974 671 (quae
990 622 1089 653 non
1108 606 1257 654 modo
1277 607 1460 672 dilapsa
1478 608 1554 654 vel
1570 606 1816 667 deformis,

398 684 484 732 sed
499 723 512 746 ,
540 695 595 732 ut
614 686 715 749 jam
737 700 881 749 supra
903 684 1074 731 dixisse
1096 685 1429 746 meminimus,
1456 685 1625 750 procul
1647 685 1816 746 dubio,

398 763 591 828 penitus
623 762 853 809 exstincta
887 761 1115 824 nullaque
1141 762 1242 826 jam
1275 771 1401 822 erat,
1434 763 1535 810 sola
1564 779 1656 827 pro
1687 765 1822 812 omni

399 840 588 887 ratione
632 837 879 885 voluntate
921 839 1214 903 imperante)
1266 848 1476 904 potestas
1516 838 1724 887 dabatur
1767 841 1820 894 *in

400 934 552 964 unum
570 915 915 977 conveniendi,
936 924 983 962 et
997 915 1302 981 concipiendi
1322 933 1377 964 ac
1392 917 1682 964 decernendi
1694 934 1817 982 quae,

399 1011 490 1060 pro
525 993 694 1041 eadem
713 992 1007 1040 restituenda
1030 1002 1102 1052 et,
1129 1009 1189 1040 ex
1208 992 1338 1040 velut
1363 994 1580 1056 mortua,
1607 994 1822 1043 rediviva

398 1071 673 1133 efficienda,
701 1072 837 1118 utilia
870 1080 1013 1136 atque
1037 1070 1246 1133 salubria
1271 1087 1373 1119 esse
1401 1071 1696 1119 viderentur.
1725 1072 1821 1120 Sed

398 1151 506 1214 quis
541 1149 655 1197 inde
677 1148 873 1196 effectus
909 1148 984 1196 vel
1010 1147 1279 1213 profectus,
1303 1157 1412 1213 post
1434 1148 1709 1215 principum
1727 1149 1822 1197 dis-

364 1280 366 1282 ,
398 1227 689 1287 cessionem,
733 1226 915 1291 sperari
950 1235 1166 1291 poterat,
1207 1242 1319 1272 cum
1367 1225 1585 1291 profecto
1626 1225 1822 1275 liberius

398 1315 530 1370 post,
558 1321 704 1369 quam
735 1313 870 1366 ante,
896 1303 1063 1351 elatius
1100 1313 1244 1368 atque
1277 1302 1575 1350 ambitiosius
1605 1313 1654 1350 et
1674 1304 1820 1351 tumi-

398 1383 506 1430 dius
529 1383 672 1430 unius
709 1382 854 1430 solius
892 1391 1111 1445 regnaret
1146 1380 1435 1428 arbitrium?
1466 1383 1505 1427 A
1540 1396 1640 1445 quo
1674 1381 1821 1429 etiam

401 1460 692 1525 quibusque,
718 1459 1026 1525 quantumvis
1047 1458 1167 1506 boni
1187 1458 1276 1506 zeli
1298 1457 1458 1506 forent
1480 1457 1613 1523 (qui‘
1640 1458 1822 1523 princi-

397 1537 539 1604 pibus
581 1537 644 1585 ad
681 1537 807 1585 hanc
840 1546 1054 1584 sanctam
1078 1536 1397 1583 intentionem
1423 1544 1472 1584 et
1491 1534 1639 1582 finem
1659 1534 1822 1583 lauda-

402 1615 552 1664 bilem
586 1632 637 1663 se
667 1615 931 1663 subservire
962 1615 1370 1676 existimaverant,
1398 1613 1519 1661 nihil
1541 1612 1673 1662 aliud
1691 1629 1819 1678 quae·

400 1705 559 1743 rentes
583 1704 665 1742 aut
694 1696 958 1760 sperantes)
980 1710 1070 1759 pro
1094 1694 1306 1741 maximo
1325 1693 1510 1759 probro
1531 1701 1580 1740 et
1599 1691 1819 1740 convicio

398 1771 715 1836 objiciebatur
754 1783 801 1820 et
843 1772 1248 1838 exprobrabatur,
1290 1771 1425 1836 quod
1464 1771 1556 1837 ipsi
1591 1770 1654 1818 de
1682 1770 1818 1818 bono

398 1849 592 1915 publico
616 1849 915 1896 exstitissent.
945 1848 1071 1896 Nihil
1104 1849 1265 1913 itaque
1283 1847 1344 1895 ab
1373 1847 1457 1894 illo
1482 1845 1819 1895 terduodeno-

398 1925 533 1973 virali
551 1926 735 1989 judicio
755 1927 945 1991 penitus
967 1926 1279 1972 constitutum
1296 1934 1395 1984 est;
1422 1940 1512 1971 nec
1534 1940 1660 1971 unus
1673 1959 1687 1985 ,
1706 1933 1818 1989 post

396 2003 670 2068 principum
704 2003 1129 2066 disgregationem,
1165 2002 1256 2048 nisi
1290 2017 1402 2048 cum
1433 2001 1507 2048 sui
1539 2001 1819 2049 eminentis-

397 2081 519 2127 simo
553 2080 763 2145 periculo
791 2079 957 2144 capitis
974 2116 986 2138 ,
1023 2079 1084 2126 de
1116 2078 1450 2126 conveniendo
1475 2079 1524 2125 in
1552 2095 1706 2137 unum
1725 2095 1817 2144 pro

396 2157 732 2222 hujuscemodi
761 2173 904 2205 causa
924 2156 1001 2204 vel
1021 2157 1165 2204 etiam
1188 2156 1248 2204 de
1270 2173 1326 2204 ea
1347 2173 1399 2204 re
1422 2156 1720 2204 mentionem
1747 2155 1818 2204 fa-

397 2252 506 2284 cere
531 2236 766 2283 ullatenus
798 2251 967 2283 ausum
1006 2251 1247 2282 assumere
1287 2234 1522 2300 potuisset
1535 2235 1566 2281 ².
1602 2236 1661 2281 Et
1687 2231 1816 2282 certe

396 2385 420 2422 a
445 2383 662 2423 Commines
693 2382 743 2422 de
771 2382 934 2436 Lenglet
953 2383 1176 2434 Dufresnoy
1200 2383 1243 2431 (t.
1270 2384 1324 2430 11,
1350 2395 1391 2434 p.
1414 2382 1522 2432 519).
1549 2379 1746 2432 L'eveque
1765 2379 1815 2420 de

395 2442 551 2482 Lisieux
568 2456 596 2494 y
614 2443 736 2495 figure
762 2456 813 2481 au
837 2442 1032 2481 troisieme
1052 2455 1149 2494 rang
1168 2442 1281 2494 apres
1306 2441 1362 2480 les
1385 2441 1553 2493 &veques
1575 2440 1630 2480 du
1646 2443 1755 2480 Maus
1776 2448 1817 2480 et

397 2501 446 2541 de
465 2502 588 2541 Paris.

450 2564 490 2600 1.
526 2561 670 2612 Quibus
688 2560 783 2600 dans
802 2560 838 2599 16
857 2574 930 2602 mS.

450 2623 490 2661 2.
521 2623 680 2662 Erreur.
703 2623 759 2659 La
786 2619 1031 2659 commission
1055 2633 1158 2672 pour
1191 2620 1228 2659 le
1256 2619 1348 2658 bien
1371 2619 1505 2672 public
1537 2617 1758 2660 s’assembla
1791 2620 1816 2658 ὲ

396 2679 526 2729 Paris,
556 2693 651 2719 avec
676 2693 754 2719 une
777 2680 923 2732 grande
943 2680 1129 2720 solennite'
1143 2711 1154 2730 ‚
1180 2682 1218 2719 16
1243 2682 1294 2718 16
1313 2680 1440 2729 juillet
1457 2681 1575 2719 1466.
1604 2680 1713 2719 nest
1727 2678 1815 2719 vrai

396 2740 538 2792 qu’elle
562 2739 666 2778 avait
692 2739 753 2778 ete
777 2739 927 2778 reduite
950 2742 969 2777 ὲ
995 2740 1103 2791 vingt
1124 2748 1162 2778 et
1182 2752 1235 2778 un
1265 2738 1470 2778 membres.
1490 2742 1690 2788 L’auteur,
1709 2738 1813 2777 alors

396 2799 545 2852 refugie
561 2812 611 2837 en
622 2798 821 2851 Belgique,
840 2800 897 2837 fut
913 2799 1234 2837 necessairement
1249 2798 1330 2837 l’un
1349 2797 1397 2837 de
1416 2812 1517 2838 ceux
1533 2812 1600 2838 sur
1616 2797 1683 2850 qui
1700 2805 1812 2850 porta

397 2859 435 2898 la
452 2858 669 2898 reduction.

2015 3355 2028 3440 snb«.
2011 3318 2028 3334 s]
2021 3290 2026 3302 ν,
