2054 3470
763 356 909 396 LIBER
944 356 1213 396 SECUNDUS.
1616 357 1694 396 203

286 449 624 517 improperavit
651 456 793 511 atque
823 443 1083 509 respondit.
1123 448 1180 491 Et
1214 461 1325 492 cum
1361 446 1463 493 altis
1496 446 1696 493 vocibus

286 527 632 594 proclamarent
658 542 668 570 :
699 543 722 568 «
744 516 883 570 Vivat
906 525 1199 569 Francorum
1225 521 1331 569 rexl
1357 542 1380 567 n
1406 523 1508 587 ipse
1532 540 1586 570 ex
1614 524 1696 571 ad-

287 623 446 663 verso,
472 613 651 669 quanto
676 601 824 664 magis
846 609 1058 666 poterat,
1082 601 1209 648 hanc
1230 617 1402 648 vocem
1425 601 1657 648 referebat
1681 619 1691 647 z

292 702 314 729 κ
338 684 450 731 Vive
467 676 820 745 Bourgoingne!
841 695 864 722 n
889 677 1172 725 Praeclarum
1192 687 1239 725 et
1260 677 1571 726 memorabile
1591 679 1698 726 faci-

288 777 376 808 nus
407 759 546 821 hujus
575 757 696 821 regis
729 759 1045 815 Francorum,
1077 756 1155 803 cui
1194 755 1402 803 fortassis
1435 756 1512 803 vix
1544 756 1698 804 simile

286 835 414 884 aliud
433 834 509 882 vel
531 835 581 881 in
607 833 846 888 yeteribus
868 831 1137 894 annalibus,
1166 832 1242 880 vel
1268 834 1318 880 in
1354 832 1699 880 recentioribus

285 910 490 961 historiis
521 911 696 977 poterit
721 909 855 958 facile
882 909 1099 956 inveniri.
1130 909 1259 967 Quid
1288 910 1440 971 enim,
1469 910 1545 958 vel
1571 910 1701 957 stoli-

286 990 411 1051 dius,
427 989 504 1036 vel
523 988 732 1054 perfidiae
759 987 1029 1051 insignioris
1053 986 1200 1049 aliud,
1221 996 1303 1034 aut
1318 988 1521 1052 nequius
1543 987 1700 1035 afferri

285 1076 466 1133 posset,
498 1083 659 1130 regem
682 1065 913 1131 populum
938 1064 1074 1112 illum
1100 1065 1149 1111 in
1179 1080 1312 1112 arma
1335 1065 1594 1113 concitasse
1616 1064 1701 1112 ad-

285 1159 449 1192 versus
478 1143 864 1207 Burgundiones,
900 1158 994 1189 suae
1020 1142 1182 1189 salutis
1209 1158 1378 1204 causa,
1410 1143 1572 1208 eisque
1600 1159 1701 1189 non

287 1237 384 1268 una
409 1229 597 1268 tantum
627 1220 756 1280 vice,
782 1219 866 1267 sed
895 1219 1158 1266 innumeris
1186 1236 1320 1284 paene
1344 1219 1529 1268 vicibus
1556 1218 1703 1267 fidem

288 1297 473 1344 dedisse
492 1296 626 1361 quod
645 1296 826 1344 eisdem
851 1297 1013 1344 omnia
1033 1296 1321 1344 defensionis
1350 1307 1398 1344 et
1416 1297 1704 1344 auxiliorum

289 1373 453 1421 solatia
478 1372 721 1420 exhiberet
748 1372 974 1420 adversus
1002 1374 1197 1421 eosdem
1227 1373 1614 1437 Burgundiones,
1660 1383 1706 1421 et

290 1467 438 1511 nunc,
460 1467 572 1498 cum
591 1459 801 1498 extrema
819 1467 980 1498 rerum
999 1451 1217 1498 omnium
1235 1451 1501 1498 calamitate
1520 1469 1705 1517 preme·

290 1537 454 1575 rentur
485 1543 572 1592 per
605 1527 1000 1591 Burgundionum
1036 1527 1237 1589 ducem,
1279 1528 1436 1575 eidem
1469 1528 1701 1590 militare,

291 1605 424 1668 signa
442 1621 527 1652 sua
541 1604 759 1651 militaria
777 1605 1002 1670 perferre,
1025 1621 1075 1652 se
1091 1606 1130 1669 ej
1138 1622 1191 1652 us
1207 1605 1478 1654 charactere
1494 1623 1706 1654 commu-

292 1682 411 1742 nire,
439 1691 486 1728 et
507 1682 730 1729 comitem
749 1681 987 1730 addidisse
1006 1681 1068 1730 ad
1085 1682 1403 1731 excidendum
1425 1699 1507 1731 eos
1530 1683 1706 1748 quibus

291 1759 518 1806 auxilium
547 1769 594 1807 et
623 1759 886 1807 subsidium
917 1770 1086 1808 contra
1113 1778 1223 1809 eum
1254 1762 1574 1827 praestiturum
1605 1779 1706 1810 sese

291 1853 521 1901 suamque
543 1837 688 1885 fidem
711 1839 970 1887 arctissime
993 1839 1339 1888 obstrinxerat?

358 1913 511 1961 Pudet
532 1931 610 1962 me
632 1915 848 1980 profecto
872 1916 965 1964 hoc
987 1916 1152 1964 litteris
1173 1916 1402 1965 mandare
1423 1933 1479 1964 ac
1501 1918 1701 1981 referre,

292 1991 519 2038 scientem
540 1991 636 2039 hoc
658 1992 847 2040 difficile
869 2009 897 2040 a
918 1993 1134 2058 plurimis
1154 1993 1285 2041 credi
1306 2010 1464 2059 posse.
1491 1994 1584 2041 Sed
1607 2005 1705 2043 tam

293 2069 588 2133 insignitum¹
607 2080 750 2134 atque
770 2070 1067 2118 diffamatum
1085 2089 1172 2137 per
1188 2089 1383 2119 omnem
1402 2071 1604 2120 Galliam
1628 2089 1706 2120 ex-

294 2147 428 2206 stitit,
455 2157 620 2213 totque
649 2148 835 2196 idoneis
866 2151 1147 2198 testimoniis
1170 2150 1506 2198 confirmatum
1536 2167 1706 2198 eorum

295 2225 379 2288 qui
398 2225 492 2272 hoc
509 2234 556 2272 et
574 2225 797 2273 viderunt
819 2236 866 2274 et
886 2227 1154 2289 audierunt,
1181 2238 1232 2275 ut
1252 2228 1527 2293 ambigendi
1549 2228 1701 2290 locus,

295 2300 384 2348 nisi
406 2303 711 2367 pervicaciter
733 2304 873 2351 nimis
892 2306 1151 2371 perspicuae
1175 2306 1358 2354 veritati
1378 2305 1600 2354 reluctari
1622 2322 1705 2353 cu-

295 2378 458 2442 pienti,
485 2381 664 2428 nemini
687 2381 998 2446 relinquatur.

354 2516 393 2556 1.
421 2518 625 2568 Insigniter
640 2517 736 2557 dans
754 2517 790 2556 le
807 2530 878 2556 ms.
