2054 3470
407 319 485 356 130
770 315 1115 355 HISTORIARUM
1141 313 1378 352 LUDOVICI
1404 314 1461 351 XI

403 417 491 467 est,
507 417 559 454 ut
568 407 747 471 Diep'ae,
766 404 1013 463 Hareflufi,
1026 401 1345 461 Calidobecci,
1364 402 1659 462 Honnefluti,
1674 406 1821 452 Lexo-

406 485 470 533 vii
489 520 502 545 ,
537 482 766 531 Cadomi¹
782 520 795 544 ,
836 490 884 529 et
929 481 1148 529 omnium
1169 479 1317 527 ferme
1351 478 1644 544 oppidorum
1678 490 1821 544 atque

404 563 651 611 civitatum
688 559 926 607 inferioris
958 557 1260 606 Normanniae
1291 556 1512 604 defectio.
1554 561 1675 606 Nam
1708 575 1821 606 cum

401 639 463 686 ad
486 638 670 702 singula
703 637 811 685 loca
841 636 938 684 dux
979 635 1230 696 Borbonii,
1258 652 1553 700 prosequens
1583 651 1612 683 a
1638 652 1689 683 se
1711 637 1822 685 satis

400 715 598 763 feliciter
635 714 921 778 Rothomagi
941 722 1122 777 coepta,
1149 712 1331 777 aliquas
1359 712 1584 760 cohortes
1613 723 1822 762 armato-

399 811 508 841 rum
534 793 873 841 transmitteret
896 790 999 855 (qui
1023 791 1336 856 promittendi
1358 791 1530 839 uberes
1558 780 1822 857 plurimum

400 881 449 918 et
487 871 673 937 copiosi
710 879 844 918 erant
863 904 875 928 ,
916 867 1330 933 quemadmodum
1366 871 1467 934 ipse
1505 870 1649 918 etiam
1670 869 1819 934 erat),

398 949 563 1013 paucis
585 947 791 1012 exceptis
813 946 929 993 locis
946 982 958 1006 ,
996 961 1155 993 raram
1175 956 1256 993 aut
1278 945 1460 994 nullam
1481 947 1724 1012 repulsam
1751 948 1824 995 in·

398 1035 655 1085 venerunt,
679 1024 764 1072 sed
784 1023 1162 1089 omnesparendi
1181 1033 1325 1087 atque
1343 1023 1603 1072 obediendi
1620 1024 1821 1072 domino

401 1104 575 1151 Carolo
599 1112 853 1169 promptos
871 1118 928 1149 ac
959 1102 1177 1150 devotos.

461 1181 545 1228 His
566 1191 728 1229 autem
750 1196 835 1228 rex
857 1180 1065 1244 acceptis
1090 1179 1231 1226 novis
1252 1178 1312 1226 de
1336 1178 1608 1228 defectione
1634 1179 1822 1228 Rotho-

398 1259 696 1323 magensium
714 1268 761 1305 et
777 1257 984 1305 aliorum
1005 1256 1324 1322 oppidorum,
1353 1255 1492 1304 valde
1513 1257 1678 1305 animo
1707 1274 1823 1306 con·

399 1346 637 1385 sternatus
659 1336 772 1395 fuit3
799 1336 1039 1401 principes
1061 1351 1178 1382 vero
1200 1334 1563 1399 conjurationis,
1581 1345 1628 1384 et
1646 1336 1713 1384 illi
1735 1353 1823 1401 po-

400 1414 582 1463 tissime
609 1415 692 1479 qui
716 1414 1070 1478 conjunctiores
1091 1413 1292 1460 domino
1318 1413 1491 1462 Carolo
1513 1424 1666 1476 erant,
1683 1413 1822 1462 valde

397 1492 646 1540 exhilarati
681 1502 729 1540 et
754 1493 855 1558 spei
882 1491 1092 1540 melioris
1113 1490 1284 1539 effecti.
1318 1490 1456 1539 Unde
1478 1507 1560 1539 rex
1583 1492 1751 1540 videns
1773 1503 1821 1540 et

398 1571 672 1618 existimans
691 1587 793 1617 non
812 1570 970 1618 minus
984 1569 1118 1617 facile
1137 1585 1293 1635 posse,
1311 1584 1417 1633 quae
1438 1567 1598 1619 adhuc
1615 1579 1818 1632 teneret,

399 1647 620 1713 perdere,
642 1663 788 1712 quam
807 1647 1151 1695 Normanniam
1169 1645 1469 1713 perdidisset,
1493 1655 1548 1694 ut
1564 1663 1677 1694 cum
1695 1647 1824 1712 prin-

398 1725 585 1790 cipibus
612 1734 866 1773 tractatum
891 1724 1150 1773 honestum
1181 1725 1449 1785 inveniret,
1487 1734 1677 1789 treugas
1709 1740 1821 1772 cum

400 1805 581 1853 eisdem
599 1804 723 1852 fecit.
751 1803 938 1862 Quibus
961 1803 1178 1865 firmatis,
1209 1818 1322 1849 cum
1345 1801 1524 1849 eisdem
1548 1818 1637 1866 per
1659 1800 1820 1867 plures

399 1881 503 1930 dies
524 1882 792 1930 collocutus
809 1891 906 1943 est,
939 1880 1135 1928 studens
1155 1895 1345 1944 semper
1372 1888 1419 1926 et
1448 1879 1633 1926 enitens
1649 1913 1662 1938 ,
1693 1895 1819 1926 non-

399 1959 542 2006 nullis
563 1975 738 2023 magna
758 1957 1087 2024 promittendo
1105 1994 1116 2016 ,
1154 1956 1256 2004 aliis
1278 1955 1504 2003 adversus
1527 1955 1646 2003 alios
1664 1955 1752 2003 zeli
1775 1965 1822 2003 et

398 2035 562 2084 livoris
583 2036 708 2083 saces
737 2035 1014 2094 accendere,
1038 2044 1091 2081 ut
1115 2050 1197 2081 eos
1220 2049 1249 2080 a
1270 2049 1319 2080 se
1336 2033 1562 2092 invicem,
1585 2043 1631 2080 et
1649 2033 1820 2080 animis

399 2124 448 2162 et
473 2113 787 2180 corporibus,
824 2111 1115 2178 quibuslibet
1143 2111 1324 2159 artibus
1356 2111 1647 2176 disjungeret
1677 2120 1821 2176 atque

400 2201 657 2259 separaret.
922 2188 926 2192 ’

467 2270 752 2318 Praeticarat
773 2278 932 2315 autem
954 2268 1056 2333 ipse
1077 2282 1159 2313 rex
1180 2275 1229 2313 et
1250 2266 1300 2312 in
1323 2281 1456 2313 arma
1473 2266 1790 2313 concitaverat
1803 2301 1816 2325 ‚

400 2366 487 2416 per
508 2349 667 2415 plures
693 2347 873 2410 legatos
897 2355 944 2393 et
965 2345 1212 2415 epistolas,
1247 2343 1584 2391 Leodiensium
1612 2342 1820 2408 populos

402 2427 627 2476 adversus
648 2424 1045 2488 Burgundionum
1067 2422 1241 2470 ducem
1270 2440 1280 2467 ι
1314 2421 1399 2486 qui
1421 2421 1532 2468 satis
1550 2419 1613 2468 ad
1635 2421 1686 2468 id
1705 2437 1821 2485 pro-

401 2505 573 2564 clives,
624 2512 822 2569 propter
858 2502 1176 2549 inveteratum
1213 2499 1381 2546 odium
1417 2497 1551 2563 quod
1588 2514 1616 2545 a
1659 2497 1820 2545 multis

401 2581 696 2649 temporibus
718 2596 907 2644 semper
929 2578 991 2626 ad
1014 2576 1381 2642 Burgundiones
1395 2591 1661 2640 eorumque
1683 2575 1820 2640 prin-

402 2662 531 2728 cipes
551 2658 821 2708 habuerant
836 2667 884 2704 et
899 2655 1161 2715 habebant,
1187 2663 1329 2719 atque
1343 2653 1501 2701 faciles
1520 2652 1814 2701 exstiterant.

454 2827 493 2862 1.
525 2823 688 2876 Dieppe‚
708 2821 903 2870 Harfleur,
923 2819 1140 2869 Caudebec,
1165 2814 1366 2868 Honfleur‚
1387 2817 1558 2868 Lisieux,
1580 2819 1697 2857 Caen.
