2054 3470
356 360 433 396 420
715 354 1056 394 HISTORIARUM
1087 353 1322 391 LUDOVICI
1347 355 1403 390 XI

358 461 463 493 rare
494 443 739 510 potuisset.
766 445 944 503 Verum
976 441 1102 506 ipse,
1138 450 1191 487 ut
1223 456 1343 504 saepe
1376 455 1481 486 mos
1510 456 1608 487 esse
1640 438 1759 486 solet

360 519 679 587 principibus,
706 534 793 566 suo
818 517 971 565 fidens
994 517 1153 564 sensui
1178 526 1225 564 et
1247 515 1471 576 consilio,
1501 525 1570 577 et,
1595 524 1763 563 contra

359 599 591 666 Sapientis
617 606 927 664 praeceptum,
954 612 1051 643 suae
1077 595 1218 641 nimis
1241 594 1447 641 innitens
1473 591 1758 658 prudentiae,

358 679 639 743 plerumque
655 675 837 738 rejectis
852 672 1058 720 consiliis
1070 674 1213 732 saniS,
1232 673 1307 719 vel
1319 688 1489 736 parum
1501 670 1760 736 perpensis,

358 773 415 804 ex
437 753 669 803 sententia
688 768 774 799 sua
794 750 1024 815 quidnam
1044 749 1148 796 fieri
1168 748 1309 796 vellet
1327 747 1628 796 decernebat.
1649 750 1765 804 Quae

357 849 431 880 res
453 831 666 896 profecto
686 828 906 876 ultimum
925 826 1015 874 sibi
1033 825 1191 873 intulit
1212 825 1424 872 exitium.
1451 829 1570 872 Nam
1586 825 1625 871 si
1641 824 1766 871 sanis

357 907 667 972 acquievisset
697 903 931 963 consiliis,
966 903 1095 968 pacis
1127 901 1305 949 foedera
1334 919 1445 949 cum
1476 904 1765 949 Francorum

358 1001 467 1048 rege
490 992 591 1030 toto
614 981 870 1046 quaesiisset
894 980 1082 1026 annisu.
1118 979 1187 1026 Ad
1213 995 1318 1043 quae
1346 979 1385 1026 si
1410 979 1639 1043 potuisset
1659 994 1768 1043 per-

358 1061 538 1120 venire,
562 1069 615 1106 ut
635 1058 870 1124 putabant
890 1052 1017 1105 factu
1034 1057 1166 1104 facile
1184 1057 1437 1121 sapienteS,
1459 1073 1559 1103 non
1579 1052 1769 1104 necesse

359 1139 600 1187 habuisset
634 1146 705 1183 tot
737 1153 787 1182 se
823 1134 1067 1182 involvere
1097 1133 1486 1200 perplexitatibus
1521 1144 1624 1181 tum
1662 1149 1771 1197 erga

358 1217 563 1274 vicinOS,
590 1224 693 1260 tum
714 1229 825 1275 erga
845 1212 1062 1259 subditos
1087 1228 1220 1272 suos,
1249 1211 1331 1275 qui
1353 1210 1413 1258 ab
1434 1212 1538 1276 ipso
1558 1227 1614 1258 ea
1634 1227 1772 1258 ocea-

360 1294 494 1340 sione
519 1289 805 1355 gravissimis
829 1287 1137 1351 vectigalibus
1163 1297 1209 1335 et
1232 1287 1567 1334 collationibus
1587 1303 1773 1352 preme-

361 1370 552 1417 bantur.
574 1370 634 1414 Et
650 1367 763 1413 licet
779 1365 893 1413 bina
914 1374 997 1412 aut
1019 1365 1142 1412 trina
1160 1365 1288 1430 pacis
1306 1365 1431 1412 initae
1453 1364 1632 1412 soedera
1652 1365 1775 1411 inter

362 1447 508 1512 ipsos,
525 1444 742 1492 maximis
760 1442 987 1491 roborata
1000 1442 1323 1504 sacramentis,
1342 1458 1423 1488 rex
1435 1442 1545 1489 satis
1559 1441 1776 1506 nequiter

363 1522 628 1588 abrupisset
642 1531 689 1568 et
705 1520 928 1567 violasset
947 1520 1171 1583 (maxime
1188 1519 1252 1566 ob
1270 1529 1415 1566 terras
1430 1536 1619 1567 coronae
1637 1522 1777 1566 Fran·

366 1617 535 1648 corum
557 1608 821 1664 spectantes
843 1598 904 1645 ab
927 1598 1148 1662 antiquo,
1177 1613 1294 1662 quas
1318 1607 1416 1644 tam
1439 1598 1540 1662 ipse
1562 1600 1773 1661 Burgun-

364 1677 566 1724 dionum
579 1676 677 1723 dux
692 1692 839 1738 quam
853 1684 986 1739 pater
1002 1690 1114 1721 suus
1130 1673 1417 1738 paciscendo
1435 1683 1715 1738 acceperant
1724 1671 1773 1736 ¹),

367 1764 717 1819 proptereaque
735 1752 946 1799 haesitare
965 1761 1151 1816 poterat
1166 1752 1271 1815 jure
1290 1760 1337 1797 et
1357 1749 1574 1799 diffidere
1595 1750 1656 1797 de
1676 1749 1779 1814 qui-

367 1831 553 1895 busque
583 1828 981 1895 promissionibus
1007 1828 1149 1892 regis,
1180 1828 1346 1874 minus*
1367 1838 1527 1875 tamen
1553 1828 1598 1874 ei
1627 1843 1779 1874 noeu-

371 1908 519 1955 menti
544 1918 687 1972 atque
714 1905 1167 1972 impedimentorum
1191 1905 1512 1969 importasset,
1541 1920 1650 1950 cum
1670 1905 1778 1968 ipso

373 2003 481 2050 rege
505 2002 672 2051 pacem
699 1985 955 2032 conciliare
984 1983 1105 2047 (esto
1130 1984 1273 2030 etiam
1300 1973 1432 2046 quod
1458 1991 1591 2028 terrae
1614 1981 1781 2045 hujus-

374 2062 530 2121 modi,
557 2063 620 2110 ad
641 2078 872 2109 coronam
896 2061 957 2107 ab
982 2061 1181 2123 antiquo
1206 2068 1494 2123 spectantes,
1523 2059 1567 2106 ei
1591 2068 1780 2106 contra·

374 2140 560 2187 dendae·
579 2142 721 2203 a'tque
756 2138 1057 2186 restituendae
1082 2137 1331 2200 fuissent),
1362 2153 1507 2202 quam
1541 2147 1682 2185 tantae
1714 2138 1783 2185 rei

374 2217 566 2283 pondus
586 2227 633 2264 et
657 2218 856 2277 molem,
884 2215 1023 2279 quale
1046 2224 1115 2262 est
1138 2231 1250 2261 cum
1271 2225 1367 2262 tam
1392 2225 1587 2279 potente
1608 2225 1655 2263 et
1675 2214 1784 2262 fini-

371 2294 496 2363 glimo
517 2311 626 2358 rege
647 2293 826 2341 bellum
845 2309 1026 2357 gerere,
1050 2292 1146 2339 suis
1167 2292 1252 2338 diu
1271 2292 1483 2340 humeris
1502 2293 1747 2340 sustinere.

375 2396 432 2441 bn
445 2373 678 2419 Potuisset
694 2371 839 2426 enim,
865 2371 905 2416 si
923 2385 1090 2434 pacem
1106 2386 1215 2416 cum
1234 2370 1338 2434 ipso
1358 2370 1629 2431 invenisset,
1649 2372 1782 2435 quie·

375 2460 513 2518 tffiet
525 2449 751 2514 pacificus
763 2449 940 2508 vivens,
959 2447 1174 2495 subditos
1186 2465 1298 2495 suos
1310 2458 1356 2495 et
1368 2458 1514 2495 terras
1527 2449 1785 2515 locupletes

378 2537 426 2574 et
454 2526 706 2592 opulentos
734 2524 956 2585 reddere;
987 2541 1155 2589 seque,
1188 2525 1227 2572 si
1253 2525 1313 2573 de
1343 2525 1468 2588 regia
1495 2525 1589 2572 fide
1615 2542 1783 2591 parum

384 2629 554 2688 -iugssm
616 2646 619 2651 ·

375 2713 744 2766 -9q11163est-a-dire
767 2708 824 2755 l'es
849 2716 990 2755 comtes
1008 2716 1056 2755 de
1074 2717 1211 2755 MAcon
1230 2724 1267 2756 et
1286 2712 1499 2756 d'Auxerre
1510 2746 1522 2765 ,
1541 2717 1788 2756 abandonnes

380 2792 449 2830 par
467 2778 503 2817 le
527 2777 637 2816 traite
660 2777 837 2824 d’Arras,
858 2784 896 2814 et
919 2775 974 2814 les
998 2775 1108 2815 villes
1135 2775 1183 2814 de
1208 2775 1402 2825 Picardie,
1422 2775 1545 2824 objets
1569 2776 1635 2815 des
1659 2776 1787 2815 traites

376 2837 424 2875 de
439 2837 614 2876 Conflans
629 2843 667 2874 et
686 2835 735 2874 de
753 2835 942 2875 peronne.
