2054 3470
756 309 902 346 LIBER
930 308 1129 347 PRIMUS.
1598 310 1648 347 93

237 401 378 447 eione
407 398 564 462 aliqua
595 396 854 461 suscepisse
881 405 1145 460 putaretur,
1171 395 1380 443 duorum
1402 397 1477 443 vel
1503 398 1648 446 trium

238 477 449 523 virorum
498 472 735 520 nobilium
782 471 843 518 de
894 473 1007 518 satis
1047 472 1186 518 claris
1223 471 1449 519 domibus
1489 474 1650 522 retulit

238 569 395 613 easus3
419 551 525 616 qui,
550 565 660 596 cum
683 548 919 613 sigillatim
945 558 990 595 et
1012 565 1103 613 pro
1126 549 1324 596 diversis
1347 550 1499 596 causis
1520 550 1649 615 ipsos

238 626 619 692 contingentibus
656 642 816 690 regem
850 625 1099 686 adiissent,
1137 627 1218 690 qni
1263 626 1413 672 duros
1455 627 1566 673 satis
1602 637 1650 674 et

237 707 416 755 alienos
429 705 492 753 ab
505 704 801 753 humanitate
822 713 869 751 et
878 704 1059 768 justitia
1074 704 1304 751 terminos
1321 704 1503 752 eisdem
1521 713 1650 752 tene-

237 783 336 844 bat,
360 783 598 849 repulsam
620 798 835 841 suorum,
861 781 1080 846 quamvis
1096 781 1337 845 justorum
1356 798 1412 829 ac
1434 783 1650 830 rationa-

236 860 425 923 bilium,
462 860 812 926 postulatorum
850 868 1155 924 reportarunt
1183 879 1194 906 ε
1224 870 1508 908 annectente
1541 877 1650 924 rege

237 937 514 1003 hujusmodi
540 938 838 1004 repulsarum
870 953 1062 984 causam
1090 936 1194 984 fore
1227 937 1395 985 odium
1426 939 1558 1003 quod
1588 939 1649 986 ad

234 1016 459 1063 comitem
480 1015 542 1063 de
563 1014 824 1076 CMrolois,
848 1014 1100 1062 dominum
1123 1031 1317 1075 eorum,
1345 1014 1572 1077 haberet3
1598 1017 1647 1063 in

235 1092 369 1155 cujus
400 1092 675 1158 despectum
706 1101 754 1139 et
779 1101 1112 1157 contemptum
1143 1092 1255 1140 talia
1291 1108 1318 1139 a
1345 1109 1395 1140 se
1420 1109 1649 1159 responsa

236 1169 489 1231 referrent,
531 1171 695 1235 eique,
739 1180 784 1217 et
823 1187 922 1217 non
961 1170 1065 1229 alii,
1102 1169 1306 1236 proinde
1349 1171 1520 1233 gratias
1560 1171 1648 1219 ha·

236 1244 419 1294 herent.

287 1327 400 1372 Hos
423 1340 582 1385 casus,
610 1325 866 1372 nominatis
890 1325 1130 1390 personis,
1158 1324 1275 1372 locis
1297 1334 1439 1389 atque
1463 1335 1650 1392 tempo-

237 1400 391 1462 ribus,
417 1404 464 1449 in
490 1401 662 1467 quibus
690 1411 737 1449 et
762 1419 872 1450 cum
897 1401 1071 1466 quibus
1092 1413 1282 1450 narrata
1304 1413 1431 1467 gesta
1453 1404 1651 1452 fuissent

238 1488 286 1525 et
300 1478 443 1540 dicta,
462 1479 591 1527 idem
608 1479 835 1526 dominus
850 1495 1014 1526 comes
1028 1478 1089 1526 de
1108 1479 1353 1526 Clzarolois
1366 1480 1413 1526 in
1438 1482 1649 1528 medium

239 1557 416 1611 attulit,
452 1557 594 1604 silens
630 1567 675 1604 et
715 1555 953 1603 subticens
984 1557 1284 1616 vinctorum,
1325 1567 1375 1603 ut
1412 1558 1645 1619 diximus,

239 1632 605 1681 confessionem.

302 1709 410 1756 Tale
440 1711 581 1774 igitur
614 1725 898 1775 responsum
931 1708 1205 1756 habuerunt
1238 1708 1377 1772 legati
1409 1711 1530 1775 regis
1566 1728 1651 1776 per

239 1786 483 1849 praefatum
505 1786 731 1834 comitem
754 1785 815 1833 de
842 1785 1104 1847 Char-eloth,
1124 1786 1232 1850 qui,
1261 1785 1322 1832 de
1345 1785 1540 1850 objectis
1562 1788 1652 1835 sibi

236 1863 531 1921 criminibus,
554 1863 709 1910 taliter
725 1879 776 1910 se
797 1872 1051 1928 purgatum
1072 1879 1155 1910 seu
1176 1862 1426 1910 desensum
1445 1864 1651 1928 legitime

239 1940 436 2002 putavit.
457 1942 731 1988 Manserunt
753 1948 912 1987 autem
934 1940 1082 1986 vincti
1102 1939 1247 2002 longo
1267 1949 1484 2005 tempore
1501 1951 1548 1988 et
1565 1958 1651 2006 per

237 2031 391 2064 annos
435 2017 594 2082 plures
636 2016 726 2065 sub
769 2016 1010 2078 custodia;
1053 2015 1229 2081 quibus
1271 2018 1466 2064 tandem
1484 2055 1496 2079 ,
1542 2028 1652 2084 post

239 2093 424 2142 obitum
454 2095 600 2160 patris
630 2095 730 2155 sui,
763 2095 962 2159 gratiam
994 2094 1126 2155 fecit,
1153 2104 1199 2141 et
1226 2093 1404 2142 liberos
1432 2096 1499 2143 ire
1521 2097 1649 2143 idem

240 2183 402 2219 comes
419 2172 648 2237 permisit.

658 2358 729 2403 CA
735 2358 999 2404 PITULUM
1031 2359 1217 2404 XXVII.

241 2484 431 2528 Quomodo
449 2498 511 2520 rex
531 2486 705 2534 plurimos
726 2495 873 2522 conatus
894 2486 1070 2535 impendit
1090 2487 1137 2522 ad
1162 2487 1455 2535 disrumpendum
1472 2489 1603 2525 foedera
1616 2498 1652 2525 et

287 2537 453 2574 amicitias
467 2539 558 2574 inter
574 2539 700 2576 ducem
714 2540 905 2576 Britanniae
923 2549 957 2576 et
977 2541 1143 2578 comitem
1157 2541 1203 2577 de
1223 2542 1393 2578 Charolois
1401 2555 1412 2586 ;
1429 2552 1463 2578 et
1477 2543 1650 2579 invectiva

288 2599 410 2626 contra
427 2593 640 2629 ambitiosos.

307 2712 487 2774 Legatis
518 2713 659 2776 igitur
681 2714 743 2760 ad
773 2730 932 2777 regem
965 2714 1165 2761 reversis
1189 2725 1258 2775 et,
1287 2731 1393 2779 quae
1423 2716 1646 2777 egissent,

242 2787 329 2834 sibi
358 2788 669 2836 referentibus
696 2800 743 2836 et
775 2790 1185 2850 renuntiantibuS,
1213 2793 1316 2856 ipse
1344 2809 1489 2838 omne
1517 2793 1649 2855 inge-
