2054 3470
761 323 908 360 LIBER
946 323 1191 370 QUARTUS.
1607 325 1682 362 319

271 428 419 477 parvo
445 411 835 476 Burgundionum
856 411 1122 475 potentiam
1140 411 1448 472 aestimantes3
1468 411 1551 458 sed
1573 428 1684 458 cum

270 489 353 536 illo
375 489 508 536 ducis
530 488 760 536 exercitus
794 487 1008 549 advenit,
1047 487 1188 551 longe
1211 503 1346 534 secus
1362 523 1375 548 ,
1404 503 1459 534 ac
1491 504 1542 534 se
1576 504 1681 552 per-

271 576 381 614 ante
397 565 711 630 jactitassent,
737 564 1071 612 exhibuerunt.

337 643 594 691 Obsessum
619 652 688 691 est
717 643 874 707 primo
898 642 1133 708 oppidum
1158 642 1219 690 de
1246 642 1396 689 Venlo
1418 659 1562 707 supra
1584 644 1686 691 Mo—

272 735 399 780 sam,
423 720 556 785 quod
586 720 647 768 de
681 736 766 767 sua
797 720 1063 767 munitione
1095 719 1358 785 plurimum
1388 718 1682 782 confidebat;

271 798 404 861 atqui
436 814 547 845 cum
580 798 629 855 in
668 799 833 863 paucis
869 797 1038 845 diebus
1074 797 1308 844 machinis
1343 813 1398 845 ac
1434 799 1687 845 tormentis

270 889 483 940 pressum
504 875 664 922 fuisset
676 909 690 932 ,
708 876 865 922 statim
886 875 947 922 de
968 874 1212 922 deditione
1233 875 1546 937 cogitarunt¹‚
1568 892 1687 941 pau-

271 953 338 999 cis
358 969 414 1000 ex
445 953 513 1002 eis
534 953 617 1017 qui
637 953 815 1017 recepti
838 963 948 1000 sunt
976 953 1211 1017 supplicio
1245 952 1448 1012 affectiS,
1487 969 1610 1017 quos
1637 953 1686 999 in

270 1029 547 1094 recipiendo
566 1029 859 1077 deditionem
882 1029 979 1076 dux
1006 1029 1396 1094 Burgundionum
1427 1045 1515 1076 suo
1539 1045 1687 1077 reser—

272 1116 404 1154 varat
427 1106 639 1154 arbitrio.
667 1107 848 1154 Exinde
870 1106 931 1154 ad
953 1107 1139 1154 diversa
1170 1107 1401 1172 oppidula
1423 1116 1470 1154 et
1499 1107 1688 1155 castella

271 1185 591 1250 aggredienda
612 1186 842 1232 exercitus
866 1201 966 1232 sese
988 1185 1176 1245 effudit3
1198 1203 1304 1250 quae
1328 1187 1490 1233 omnia
1514 1185 1683 1246 ferme,

274 1261 464 1309 modica
496 1272 579 1310 aut
611 1262 741 1310 nulla
779 1262 998 1327 opposita
1031 1263 1318 1324 resistentia,
1354 1272 1543 1328 recepta
1579 1273 1690 1311 sunt

276 1354 427 1402 usque
449 1339 812 1402 Noviomagum.
838 1341 958 1385 Cum
983 1348 1138 1386 autem
1163 1338 1244 1386 illo
1272 1339 1370 1386 dux
1394 1339 1691 1402 Burgundio-

275 1430 393 1462 num
415 1415 643 1480 applicuit
662 1426 710 1463 et
733 1425 887 1463 castra
909 1426 1112 1463 metatus
1134 1426 1230 1476 est,
1257 1417 1305 1462 in
1330 1415 1480 1463 tribus
1503 1415 1690 1463 hebdo-

276 1491 496 1539 madibus
526 1493 590 1540 ita
618 1493 820 1539 turrium
856 1491 1212 1557 propugnacula
1243 1509 1502 1556 murosque
1532 1503 1580 1539 et
1608 1509 1690 1539 eo·

276 1585 385 1616 rum
421 1570 711 1617 munitiones
748 1570 964 1634 petrariis
997 1585 1052 1616 ac
1085 1570 1335 1617 tormentis
1377 1569 1512 1633 fregit
1549 1579 1691 1632 atque

277 1645 469 1710 dejecit,
493 1657 546 1694 ut
564 1646 743 1711 absque
766 1663 941 1710 magno
961 1647 1156 1711 negotio
1177 1647 1436 1711 expugnari
1456 1647 1691 1712 oppidum

276 1733 323 1772 et
356 1741 443 1790 per
462 1726 559 1772 vim
594 1735 736 1789 atque
769 1724 997 1772 insultum
1027 1725 1132 1789 capi
1155 1725 1413 1789 potuisset,
1438 1725 1528 1771 nisi
1552 1725 1691 1789 oppi-

275 1802 390 1850 dani
414 1803 648 1868 supplices
674 1812 816 1867 atque
850 1803 1052 1850 nimium
1089 1803 1318 1863 exterriti,
1346 1803 1485 1850 venia
1519 1803 1689 1867 petita,

276 1880 571 1928 deditionem
604 1881 822 1929 faciendo
859 1880 1125 1946 periculum
1154 1881 1410 1928 evitassent
1426 1882 1457 1926 ².
1484 1883 1695 1927 Fuerunt

276 1967 438 2006 autem
459 1958 521 2005 ad
547 1959 743 2023 gratiam
765 1958 969 2022 recepti,
998 1957 1159 2018 armis,
1184 1956 1335 2022 portis
1356 1967 1498 2022 atque
1523 1959 1691 2005 moeni-

277 2035 369 2082 bus
391 2044 439 2083 et
471 2045 571 2083 tota
600 2035 767 2101 oppidi
801 2036 1067 2082 munitione
1101 2051 1320 2099 quoque,
1356 2044 1402 2082 et
1427 2034 1693 2082 incolarum

279 2114 380 2177 ejus
417 2114 673 2178 privilegiis
703 2129 759 2160 ac
787 2112 1081 2160 libertatibus
1118 2111 1176 2158 ad
1215 2113 1409 2159 victoris
1446 2112 1694 2160 arbitrium

282 2191 526 2253 resignatis
547 2200 593 2237 et
610 2189 830 2237 dimissis.
857 2191 951 2248 Qui
969 2190 1136 2251 etiam,
1162 2205 1252 2254 pro
1275 2190 1538 2237 resistentia
1559 2200 1606 2237 et
1627 2191 1696 2237 in·

282 2266 555 2317 obedientia
575 2283 693 2332 quas
716 2267 923 2314 fecerant
937 2303 950 2326 ,
969 2266 1184 2314 mulctari
1200 2266 1476 2314 ferebantur
1493 2268 1544 2314 in
1564 2278 1695 2315 octo·

283 2349 411 2411 ginta
432 2349 640 2396 millibus
662 2349 956 2396 florenorum
978 2348 1302 2395 rhenensium.

348 2428 563 2474 Exterriti
586 2438 744 2475 autem
760 2427 820 2474 de
839 2427 1118 2489 Noviomagi
1134 2425 1431 2488 subactione,
1453 2427 1587 2492 quod
1607 2443 1695 2474 cae-

284 2504 393 2550 teris
406 2505 627 2552 omnibus
648 2504 958 2570 reputabatur
978 2504 1120 2567 longe
1145 2503 1350 2565 firmius,
1369 2505 1610 2569 potentius
1633 2515 1696 2552 at-

283 2596 378 2644 que
394 2582 672 2646 populosius
691 2583 867 2629 caeteris
883 2591 1116 2628 terrarum
1135 2581 1319 2628 illarum
1341 2582 1547 2647 oppidis,
1571 2582 1695 2628 cives

330 2700 378 2766 ¹1.
409 2698 558 2737 Venloo
584 2712 626 2738 se
653 2699 800 2747 rendit,
831 2699 869 2737 le
896 2701 941 2737 21
970 2699 1055 2747 juin
1084 2702 1204 2748 1473,
1231 2701 1343 2751 apres
1364 2709 1500 2751 quatre
1517 2700 1627 2748 jours
1646 2698 1696 2738 de

288 2769 467 2855 ”ege-Le
487 2818 536 2854 19
552 2816 689 2864 juillet.
