2054 3470
734 337 880 376 LIBER
913 335 1153 385 QUARTUS.
1572 335 1646 372 337

243 436 351 478 sais
379 430 419 476 si
450 443 648 493 quoquo
682 424 853 481 modo,
888 423 963 470 vel
989 422 1172 485 jacu10,
1219 421 1296 468 vel
1330 421 1651 471 bombardula

244 506 547 556 obsessorum
589 502 795 566 aliquem
840 500 978 546 ferire
1025 514 1080 546 ac
1120 497 1324 561 dejicere
1363 498 1645 562 potuissent.

245 582 382 631 Unde
420 578 667 630 eveniebat
697 578 991 641 frequenter,
1031 584 1086 622 ut
1117 591 1173 622 ex
1207 573 1528 621 obsidentium
1574 591 1652 622 ca-

244 660 366 720 stris,
389 658 628 724 potissime
651 655 711 702 de
730 654 874 713 Italis,
892 669 1014 717 quos
1033 651 1277 700 acerbiore
1299 651 1654 699 insectabantur

245 735 376 794 odio,
397 735 542 799 aliqui
578 741 885 789 necarentur3
914 740 978 788 et,
1011 746 1122 776 cum
1144 729 1268 776 infra
1297 729 1438 776 unius
1456 730 1651 790 mensis,

245 812 320 859 vel
349 813 499 870 circa,
534 811 740 876 spatium
759 846 771 870 ,
802 809 904 873 ipse
940 807 1333 870 Burgundionum
1367 806 1464 854 dux
1499 807 1657 872 ipsum

245 888 478 954 oppidum
515 889 591 935 vel
626 901 923 952 expugnare,
971 884 1047 933 vel
1082 884 1145 932 ad
1194 884 1490 932 deditionem
1524 900 1658 932 coar-

245 975 371 1012 ctare
393 966 688 1031 speravisset,
714 980 804 1012 nec
827 964 1010 1026 integro
1032 978 1184 1028 prope
1207 978 1336 1010 anno
1358 979 1457 1026 quo
1479 971 1654 1022 castra,

245 1042 386 1089 etiam
419 1059 505 1106 per
537 1051 688 1089 totam
721 1041 929 1088 hiemem
962 1049 1010 1087 et
1043 1048 1250 1087 aestatem
1271 1077 1284 1100 ‚
1333 1039 1428 1086 illic
1471 1038 1659 1099 hahuit,

245 1119 401 1185 ipsum
426 1121 583 1185 potuit
606 1119 838 1167 obtinere.

311 1201 444 1245 Hanc
489 1198 685 1263 quidem
715 1197 1068 1263 providentiam
1102 1198 1152 1244 in
1190 1214 1387 1244 suorum
1428 1197 1659 1245 distribu-

248 1277 378 1323 tione
404 1292 459 1323 ac
485 1276 835 1342 dispensatione
859 1276 1134 1323 victualium
1168 1275 1348 1322 obsessi
1378 1285 1656 1337 tenuerunt,

249 1361 302 1399 ut
321 1353 440 1400 duas
469 1363 654 1400 tantum
673 1354 749 1400 vel
780 1363 872 1400 tres
899 1353 1131 1417 coquinas
1161 1352 1368 1400 facerent
1390 1369 1480 1417 pro
1504 1353 1662 1399 omni-

249 1429 356 1489 bus,
380 1431 462 1494 qui
500 1431 549 1478 in
584 1431 765 1496 oppido
801 1441 962 1489 erant,
994 1431 1054 1477 de
1087 1430 1262 1495 quibus
1293 1430 1487 1494 cuilibet
1513 1431 1664 1478 distri-

249 1506 512 1567 buebatur,
553 1507 817 1554 secundum
853 1507 985 1571 quod
1024 1524 1110 1571 pro
1148 1508 1352 1555 instante
1384 1508 1662 1555 necessitate

251 1583 502 1631 videbatur
524 1594 851 1649 opportunum
864 1587 894 1632 ¹.

320 1665 444 1708 {nter
475 1662 599 1726 ipsas
637 1679 753 1710 vero
787 1663 1050 1709 obsidionis
1083 1667 1290 1724 moras’,
1338 1672 1448 1711 cum
1484 1663 1663 1711 obsessi

253 1738 617 1786 Coloniensibus
650 1739 919 1786 denuntiari
953 1739 1171 1787 fecissent
1201 1740 1290 1787 sibi
1322 1741 1540 1806 pulveres
1571 1758 1660 1806 pro

252 1814 595 1863 bombardellis
630 1826 676 1862 et
696 1816 929 1863 machinis
958 1817 1053 1864 suis
1075 1817 1294 1878 deficere,
1321 1819 1552 1866 miserunt
1573 1820 1662 1884 ipsi

254 1892 562 1940 Colonienses
585 1893 871 1956 quingentos
892 1894 1020 1939 viros
1047 1893 1253 1957 pedites,
1284 1911 1494 1958 quorum
1514 1913 1664 1943 unus—

254 1971 454 2036 quisque
484 1981 663 2018 certam
696 1971 756 2018 de
797 1970 1075 2034 hujusmodi
1116 1971 1357 2019 deferebat
1385 1973 1664 2038 pulveribus

255 2048 565 2111 quantitatem
587 2066 598 2104 ;
624 2048 707 2111 qui
728 2047 848 2094 hora
873 2047 1117 2107 condicta,
1154 2058 1325 2108 noctu,
1362 2049 1485 2096 clam
1514 2060 1664 2098 castra

258 2125 652 2188 Burgundionum
675 2134 994 2188 penetrantes,
1014 2124 1076 2171 ad
1099 2135 1290 2189 portam
1311 2143 1462 2190 usque
1479 2128 1663 2193 oppidi,

258 2201 309 2248 in
330 2217 426 2265 qua
449 2218 531 2248 eos
552 2201 781 2265 oppidani
800 2201 1185 2265 opperiebantur,
1206 2213 1516 2266 penetrarunt
1536 2206 1667 2252 inco-

260 2278 427 2338 lumes,
444 2279 666 2342 introque
689 2278 870 2342 absque
893 2278 988 2325 ulla
1006 2281 1309 2328 cunctatione
1326 2282 1519 2329 admissi
1536 2293 1663 2330 sunt.

263 2357 349 2400 Per
364 2355 631 2419 proditores
654 2355 780 2400 enim
806 2363 887 2401 aut
912 2355 1175 2417 transfugas
1197 2356 1463 2405 didicerant
1482 2359 1669 2422 signum

263 2448 344 2478 seu
377 2432 578 2479 verbum
606 2432 874 2495 vigiliarum
900 2432 1025 2479 illius
1059 2435 1229 2482 noctis.
1267 2438 1370 2483 Hoc
1404 2447 1592 2499 autem,
1627 2448 1673 2484 et

320 2571 338 2606 1
350 2600 359 2609 .
385 2586 404 2604 α
425 2572 498 2608 Les
517 2579 660 2610 rustres
677 2571 840 2621 (reitres)
860 2573 1088 2624 prendoient
1109 2574 1211 2613 leurs
1230 2575 1359 2614 vivres
1386 2576 1532 2614 chacun
1547 2577 1637 2624 jour
1656 2579 1678 2614 a

266 2628 390 2666 l'ostel
410 2628 458 2667 de
480 2629 768 2682 l’archevesque
782 2663 791 2679 ,
814 2641 851 2670 et
876 2632 911 2670 le
932 2646 1049 2670 menu
1069 2634 1208 2686 peuple
1239 2637 1260 2672 a
1278 2635 1382 2674 deux
1406 2634 1611 2688 bourgeois
1632 2635 1680 2673 de

269 2689 308 2727 la
325 2689 416 2727 ville
430 2719 440 2737 ‚
461 2689 529 2739 qui
548 2689 847 2742 journellement
864 2692 950 2730 leur
969 2692 1146 2731 faisoient
1163 2693 1408 2731 administret·
1427 2693 1530 2731 leurs
1547 2694 1684 2732 neces-

272 2750 376 2788 sites.
401 2766 420 2786 a
441 2750 614 2798 Molinet,
634 2751 662 2788 l.
683 2752 715 2799 1,
735 2765 770 2792 e.
791 2766 872 2790 ΧΠ.

334 2810 372 2845 2.
403 2810 508 2846 Dans
526 2808 582 2846 les
600 2809 787 2859 premiers
800 2810 910 2857 jours
927 2810 975 2848 de
991 2810 1217 2851 novembre.
1239 2793 1412 2857 lliolinet,
1432 2811 1460 2850 l.
1482 2814 1515 2858 Ι,
1539 2825 1574 2851 c.
1597 2825 1685 2853 vm,

488 2892 523 2917 11
1424 2884 1472 2919 22
