2054 3470
403 351 480 389 118
767 347 1110 387 HISTORIARUM
1136 347 1374 386 LUDOVICI
1401 347 1457 384 XI

403 440 617 503 quinque
649 437 807 485 leucas
845 453 945 483 non
986 435 1188 501 amplius
1226 452 1254 483 a
1287 452 1339 483 se
1369 435 1621 498 distantes,
1653 437 1825 486 relictis

404 527 512 582 post
535 532 583 563 se
602 513 899 581 pedestribus
916 514 1066 578 copiis
1089 523 1136 561 et
1157 512 1375 560 curribus
1400 512 1575 577 quibus
1592 514 1825 564 machinae

403 603 450 640 et
469 608 604 640 arma
619 590 788 638 bellica
806 589 1121 650 vehebantur,
1149 589 1340 653 aggredi
1363 589 1572 654 primum
1596 592 1826 654 Burgun-

402 670 571 718 diones
603 668 872 716 destinavit.
917 666 969 714 Id
1011 667 1208 730 quidem
1243 667 1513 715 inconsulte
1545 685 1555 714 :
1587 684 1730 728 nam,
1771 679 1824 722 ut

402 750 597 816 publica
624 766 716 796 vox
748 757 796 795 et
816 747 1117 795 verisimilius
1148 757 1276 806 erat,
1314 748 1352 794 si
1384 748 1692 813 primumad
1722 750 1824 796 Bri·

403 841 576 878 tonum
606 829 864 877 exercitum
901 827 1244 876 debellandum
1277 844 1327 874 se
1349 829 1684 890 convertisset,
1711 846 1823 877 cum

400 925 497 972 quo
518 916 620 954 erat
643 907 865 963 CaroluS,
891 921 1145 968 germanus
1168 921 1304 963 suus,
1329 915 1499 953 contra
1520 907 1642 969 regis
1661 900 1825 971 copias

400 985 598 1032 minime
638 984 852 1030 Britones
892 982 1147 1029 subsistere
1200 982 1483 1046 potuissent.
1538 986 1651 1030 Esto
1693 984 1823 1030 enim

402 1061 534 1126 quod
572 1070 729 1108 essent
767 1060 952 1107 circiter
983 1059 1241 1106 duodecim
1277 1059 1424 1107 millia
1447 1060 1684 1119 virorum,
1722 1077 1822 1107 non

404 1149 564 1185 tamen
589 1138 653 1184 ita
675 1137 819 1184 armis
841 1137 1073 1201 equisque
1103 1135 1318 1182 instructi
1353 1146 1487 1182 erant
1510 1137 1824 1200 quemadmo-

404 1215 522 1262 dum
545 1215 715 1263 milites
731 1214 870 1278 regni
888 1250 899 1272 ‚
927 1229 1082 1277 neque
1113 1213 1162 1259 in
1186 1229 1236 1260 re
1265 1212 1457 1259 militari
1494 1213 1616 1260 adeo
1644 1215 1823 1262 exerci-

406 1294 509 1341 tati.
544 1292 637 1340 Sed
667 1292 777 1356 quia
815 1292 990 1339 mirum
1023 1294 1072 1337 in
1108 1289 1309 1337 modum
1340 1289 1669 1338 inardescebat
1703 1292 1825 1355 regis

403 1371 590 1417 animus
623 1369 684 1418 ad
712 1368 1076 1433 Burgundiones
1099 1365 1434 1426 debellandos,
1460 1367 1647 1414 omissis
1669 1368 1824 1416 Brito·
1857 1404 1862 1410 x

401 1448 563 1504 nibus,
593 1447 653 1494 ad
682 1447 907 1495 comitem
928 1445 989 1493 de
1014 1443 1261 1492 Charoloc's
1282 1460 1390 1491 suas
1414 1445 1578 1509 copias
1599 1444 1771 1493 direxit
1790 1447 1820 1493 ¹.

893 1654 1240 1702 CAPITULUM
1274 1656 1332 1701 V.

400 1785 452 1818 De
472 1783 595 1831 praelio
610 1791 734 1818 contra
751 1781 965 1829 Burgundos
977 1781 1072 1829 apud
1086 1782 1396 1817 Montem-Hericii
1410 1793 1474 1831 per
1486 1792 1603 1827 regem
1620 1775 1822 1822 commisso,

447 1845 528 1885 post
542 1837 642 1884 quod
657 1849 745 1880 rex,
763 1836 1029 1882 Rothomagum
1045 1835 1257 1879 adveniens,
1275 1848 1418 1882 magnas
1435 1834 1556 1881 copias
1579 1846 1622 1868 ex
1643 1834 1818 1870 Normnn-

448 1892 507 1926 nia
526 1891 648 1927 eduxit
661 1900 694 1926 et
710 1891 862 1926 Parisios
878 1903 914 1925 se
931 1891 1076 1939 recepit.

470 2014 603 2062 Idem
644 2025 804 2062 autem
843 2030 1008 2062 comes
1031 2002 1196 2080 'prope
1231 2014 1391 2062 villam
1427 2012 1819 2073 Montis-Hericii‚

404 2092 547 2157 vulgo
573 2091 751 2139 dictam
771 2091 1121 2155 Mont-le-hery‚
1158 2101 1309 2140 castra
1334 2107 1419 2140 sua
1449 2091 1644 2151 locavit,
1673 2106 1824 2155 eaque

404 2187 579 2235 magno
627 2186 855 2216 curruum
894 2185 1098 2216 numero
1141 2170 1405 2228 munierat,
1450 2169 1533 2233 qui
1577 2167 1823 2233 machinas

405 2265 514 2297 suas
538 2258 586 2295 et
618 2247 731 2294 belli
753 2257 1038 2312 apparatum
1061 2246 1316 2295 vehebant.
1344 2249 1466 2310 Cum
1489 2262 1601 2310 ergo
1624 2245 1687 2293 ad
1709 2261 1823 2292 eum

405 2327 566 2373 locum
603 2342 684 2372 rex
718 2317 1062 2383 adventasset²,
1090 2325 1139 2371 in
1171 2342 1268 2390 quo
1295 2334 1503 2372 castrum
1537 2323 1683 2370 habet
1713 2324 1823 2370 satis

404 2404 626 2464 firmum,
660 2402 870 2450 decrevit
894 2402 1018 2450 illico
1049 2404 1206 2468 ipsum
1239 2404 1465 2450 comitem
1490 2401 1549 2448 de
1575 2399 1824 2448 Charolot's

457 2552 474 2587 1
486 2579 494 2587 .
525 2548 744 2589 Commines
766 2557 824 2586 est
844 2547 938 2585 bien
954 2547 1040 2599 plus
1058 2547 1241 2599 croyable
1253 2578 1264 2596 ‚
1286 2547 1459 2599 lorsqu'il
1478 2547 1627 2585 affirme
1641 2574 1652 2593 ‚
1672 2557 1823 2585 comme

400 2609 437 2648 le
456 2617 588 2648 tenant
609 2607 660 2646 de
681 2607 797 2646 Louis
818 2610 875 2645 XI
896 2607 1106 2646 lui-meme
1119 2638 1130 2656 ,
1149 2620 1225 2658 que
1243 2608 1279 2646 le
1301 2606 1453 2647 dessein
1474 2605 1522 2644 de
1551 2605 1708 2647 celui-ci
1732 2605 1823 2646 etait

398 2668 534 2706 d’aller
553 2680 594 2706 se
616 2666 832 2705 renfermer
849 2666 945 2704 dans
971 2666 1078 2704 Paris
1109 2679 1157 2704 en
1177 2667 1323 2705 evitant
1349 2665 1404 2704 les
1430 2665 1727 2718 Bourguignons
1742 2694 1754 2712 ,
1784 2673 1823 2707 et

398 2742 474 2781 que
495 2728 533 2766 la
551 2735 758 2766 rencontre
775 2728 882 2764 n’eut
899 2726 978 2763 lieu
996 2739 1073 2776 que
1091 2739 1206 2777 parce
1225 2740 1300 2777 que
1321 2726 1450 2764 Pierre
1468 2725 1517 2763 de
1533 2724 1650 2763 Breze
1668 2724 1706 2764 la
1725 2737 1821 2776 pro-

401 2803 494 2828 cura
513 2787 562 2827 de
579 2801 622 2827 sa
640 2801 781 2839 propre
800 2787 969 2825 volonte.
991 2788 1209 2836 Me'moires,
1232 2787 1260 2826 l.
1282 2789 1314 2836 1,
1335 2800 1370 2824 c.
1392 2799 1452 2824 111.

456 2851 494 2888 2.
529 2851 578 2887 16
594 2847 721 2897 juillet
738 2849 856 2886 1465.
