2054 3470
753 323 896 359 mmm
931 323 1160 369 QmNTus.
1595 323 1670 359 379

258 427 366 476 gem
388 410 635 458 habebat¹.
670 409 904 457 Affluebat
938 425 1167 473 generosa
1198 409 1356 473 prole3
1392 409 1566 456 divitiis
1593 427 1671 457 su-

224 543 227 547 *
257 505 344 553 pra
365 504 551 547 omnes,
576 487 660 552 qui
681 496 784 533 tum
813 487 863 533 in
895 486 1049 533 Gallia
1079 495 1215 533 erant
1232 523 1244 546 ‚
1277 486 1526 533 abundare
1548 487 1672 535 fama

257 565 579 629 vulgatissima
605 563 860 611 ferebatur.
897 567 1115 611 Honores
1143 579 1257 610 vero
1287 563 1493 626 majores
1530 574 1673 628 atque

258 642 510 708 ampliores
520 641 761 688 neminem
775 641 960 706 assequi
976 657 1114 705 posse
1130 641 1179 686 in
1195 656 1343 703 regno
1362 643 1670 699 Francorum,

258 734 404 783 quam
427 734 550 782 quos
571 716 662 764 sibi
686 732 768 763 rex
790 716 1042 776 detulerat,
1065 715 1273 763 dubitari
1298 733 1397 764 non
1413 716 1571 777 debet,
1591 717 1674 780 qui

259 795 402 843 totius
434 794 610 841 militiae
642 795 774 857 regni
808 793 1003 842 ducatui
1039 794 1322 859 praepositus
1357 793 1535 852 fuerat,
1569 810 1674 858 quae

257 881 452 938 propter
479 873 636 920 varios
659 871 896 919 bellorum
920 871 1136 920 turbines
1170 888 1226 920 ac
1251 873 1543 940 suspiciones
1572 882 1673 919 tum

258 958 305 997 et
330 949 536 997 maxima
568 959 613 996 et
643 950 972 1015 potentissima
994 959 1109 997 erat.
1137 950 1340 1007 Quantis
1364 966 1480 997 vero
1504 950 1675 997 annuis

257 1042 286 1074 a
322 1042 432 1090 rege
466 1025 804 1090 pensionibuS‚
839 1035 886 1073 et
922 1027 1165 1074 civitatum
1204 1035 1347 1091 atque
1382 1026 1674 1091 oppidorum

257 1103 507 1164 custodiis,
534 1120 590 1150 ac
619 1104 761 1151 variis
791 1103 1072 1150 muneribus
1093 1113 1140 1150 et
1164 1103 1375 1151 donariis
1411 1103 1675 1151 honor-atus

258 1191 395 1242 esset,
421 1197 521 1228 non
541 1190 609 1228 est
628 1180 761 1228 facile
780 1197 1020 1228 enarrare.
1046 1181 1183 1244 Atqui
1204 1182 1345 1228 tantis
1369 1191 1416 1228 et
1434 1180 1607 1246 opibus
1629 1190 1675 1227 et

257 1258 524 1306 honoribus
545 1275 655 1306 cum
679 1258 924 1306 abundare
946 1258 1272 1317 aestimaretur‚
1289 1259 1430 1323 inops
1447 1267 1607 1305 tamen
1629 1267 1676 1304 et

254 1335 426 1399 jugiter
443 1334 506 1383 ad
527 1335 761 1399 ampliora
783 1335 988 1395 inhians,
1014 1344 1217 1399 egestate
1233 1336 1392 1400 potius
1412 1345 1458 1382 et
1477 1335 1675 1399 penuria

259 1427 361 1459 sese
391 1411 534 1475 affligi
549 1447 562 1470 ,
584 1427 729 1474 quam
751 1421 824 1458 tot
846 1412 1081 1474 congestis
1102 1411 1275 1477 opibus
1297 1422 1441 1476 atque
1465 1410 1674 1458 honori-

259 1487 351 1535 bus
373 1489 476 1535 vitae
491 1487 820 1535 sufficientiam
839 1498 1107 1536 assecutum
1128 1487 1395 1553 reputabat.

326 1567 407 1612 Est
425 1565 554 1612 enim
576 1566 770 1613 avaritia
789 1575 837 1613 et
853 1565 1088 1631 cupiditas
1102 1602 1114 1625 ,
1143 1575 1195 1612 ut
1222 1565 1460 1628 eleganter
1482 1565 1675 1629 Crispus

260 1643 347 1702 ait,
381 1659 569 1707 semper
595 1642 803 1706 infinita,
839 1661 1028 1710 semper
1060 1643 1364 1702 insatiabilis,
1391 1653 1438 1691 et
1458 1660 1563 1708 quae
1587 1660 1675 1691 nec

259 1720 422 1784 copia,
449 1737 538 1768 nec
559 1722 720 1786 inopia
739 1722 986 1769 minuitur.
1012 1722 1148 1769 Unde
1172 1722 1453 1779 rectissime,
1486 1731 1539 1768 ut
1566 1721 1674 1768 Hie-

259 1813 489 1861 ronymus
508 1798 676 1862 inquit,
696 1809 853 1846 vetere
872 1799 1128 1864 proverbio
1145 1799 1205 1845 de
1221 1815 1365 1846 avaro
1385 1799 1567 1846 dictum
1583 1809 1670 1858 est,

259 1874 303 1921 ei
325 1883 423 1921 tam
446 1874 608 1922 deesse
628 1875 762 1940 quod
782 1876 952 1937 habet,
979 1887 1124 1940 quam
1148 1875 1280 1940 quod
1304 1893 1403 1923 non
1423 1875 1584 1922 habet.

324 1952 452 2010 Quid
488 1969 603 1999 vero
635 1969 756 2018 opus
783 1954 934 2000 fuerat
970 1954 1082 2000 huic
1111 1954 1240 2012 viro,
1272 1954 1351 2018 qui
1385 1962 1456 2000 tot
1486 1969 1675 2001 annuos

260 2045 428 2076 census
443 2067 455 2090 ,
482 2039 555 2076 tot
576 2030 846 2092 vectigalia,
876 2040 946 2077 tot
969 2031 1155 2095 opimas
1176 2040 1324 2077 terras
1352 2040 1495 2095 atque
1518 2029 1673 2076 domi-

260 2105 341 2152 nia
361 2105 592 2167 habebat,
612 2116 681 2153 tot
695 2123 826 2154 arces
840 2107 1133 2155 firmissimas
1151 2118 1294 2172 atque
1316 2107 1438 2174 aedes
1456 2108 1674 2154 omnium

259 2181 503 2229 bonorum
538 2183 777 2230 affluentia
807 2194 884 2243 et,
914 2201 1019 2248 quae
1045 2185 1301 2248 excogitari
1330 2195 1557 2249 possunt,
1592 2201 1673 2231 va-

261 2259 340 2307 riis
359 2258 715 2307 oblectamentis
737 2260 930 2307 refertas
947 2298 959 2321 ,
1002 2261 1074 2308 his
1102 2262 1327 2308 omnibus
1351 2262 1480 2309 velut
1502 2261 1675 2308 relictis

262 2347 308 2383 et
323 2336 562 2400 neglectis,
583 2336 764 2384 ambire
785 2337 901 2384 illud
920 2339 1199 2402 primarium
1221 2340 1367 2387 totius
1384 2340 1515 2404 regni
1535 2343 1675 2387 Fran-

261 2430 430 2462 corum
455 2414 631 2460 militiae
659 2415 979 2477 magisterium
997 2453 1008 2474 ‚
1042 2426 1089 2463 et
1122 2427 1318 2482 propter
1347 2417 1468 2479 hoc,
1502 2418 1675 2464 relictis

261 2491 474 2556 partibus
498 2492 912 2556 Burgundionum,
936 2493 1019 2540 ubi
1041 2512 1228 2561 semper
1245 2496 1546 2562 amplissimis
1563 2495 1671 2541 fun-

317 2630 355 2664 1.
385 2629 458 2664 Les
482 2626 584 2664 deux
611 2627 823 2678 princesses
859 2627 953 2666 dont
980 2627 1144 2667 l’auteur
1171 2630 1313 2668 entend
1342 2629 1471 2681 parler
1503 2629 1552 2667 ici
1590 2637 1675 2666 sont

263 2680 456 2723 Elisabeth
467 2685 661 2734 Wydvile‚
678 2686 755 2724 fille
769 2686 817 2724 de
829 2686 915 2724 lord
933 2687 1069 2726 Rivers
1083 2696 1122 2726 et
1137 2689 1184 2727 de
1200 2693 1222 2727 J
1224 2689 1424 2740 acqueline
1440 2689 1488 2726 de
1509 2691 1676 2726 Luxem-

263 2743 402 2796 bourg‚
423 2744 561 2782 femme
579 2738 799 2783 d’Edouard
821 2748 888 2791 IV,
909 2754 946 2783 et
970 2760 1018 2784 en
1043 2747 1183 2786 second
1207 2749 1283 2786 lieu
1303 2747 1423 2785 Mai-ie
1451 2746 1498 2784 de
1518 2745 1671 2793 Savoie,

263 2816 366 2841 soeur
385 2803 431 2841 de
449 2803 486 2840 la
506 2804 644 2841 femme
665 2804 712 2841 de
730 2805 845 2841 Louis
864 2808 932 2842 XI.
