2054 3470
455 335 533 373 258
824 335 1167 372 HISTORIARUM
1195 335 1430 372 LUDOVICI
1458 335 1516 371 xl

455 424 631 484 ricum,
679 421 780 484 ejus
823 421 1096 480 inimicum,
1128 437 1283 486 nuper
1325 421 1374 467 in
1413 436 1613 483 regnum
1642 435 1698 467 ex
1727 421 1873 484 longo

451 517 642 548 carcere
671 500 845 547 iterum
875 508 1089 547 erectum
1116 509 1163 547 et
1192 500 1525 556 sublimatum,
1555 499 1603 545 in
1627 501 1872 564 captivita-

452 588 549 627 tem
583 577 812 642 reposuit.
841 578 978 642 Cepit
1006 578 1149 624 etiam
1178 587 1226 624 et
1251 577 1664 642 archiepiscopum
1690 577 1870 625 Ebora-

454 672 647 705 censem
665 655 926 720 plurimum
957 655 1114 702 eidem
1141 654 1418 702 faventem¹.
1451 656 1493 701 O
1524 654 1698 718 fragilis
1719 665 1767 702 et
1793 671 1871 703 ca-

453 733 580 781 duca
601 732 806 780 nimium
828 732 1153 779 humanorum
1172 732 1466 795 fastigiorum
1486 730 1738 780 celsitudo!
1777 751 1800 777 a
1828 733 1871 778 Ο

451 826 712 876 regnorum
737 829 759 852 »
785 819 839 856 ut
860 810 1066 874 tragicus
1087 810 1325 872 eleganter
1346 810 1565 868 cecinit²‚

957 940 1120 1000 magnis
1146 940 1272 983 fallax

691 1012 881 1054 Fortuna
902 1012 1048 1066 bonis,
1074 1012 1119 1053 in
1139 1012 1345 1071 praecipiti

691 1083 918 1142 Dubioque
940 1083 1065 1125 nimis
1086 1082 1251 1127 excelsa
1271 1082 1402 1125 locas.

692 1157 923 1214 Nunquam
944 1154 1158 1214 placidam
1178 1164 1342 1213 sceptra
1361 1154 1547 1212 quietem

692 1230 917 1271 Certumve
940 1227 1004 1269 sui
1025 1237 1198 1269 tenuere
1222 1225 1353 1268 diem.

455 1356 637 1404 Cecinit
653 1355 797 1402 etiam
820 1351 980 1399 infelix
1004 1351 1243 1410 PriamuS,
1268 1365 1431 1397 eversa
1451 1351 1486 1394 T
1488 1350 1640 1412 roja':

637 1487 904 1544 Quicumque
925 1499 1058 1543 regno
1081 1482 1174 1526 fidit
1196 1493 1240 1526 et
1261 1499 1416 1544 magna
1437 1493 1590 1542 potens

632 1558 888 1602 Dominatur
909 1555 1021 1599 aula.
1036 1590 1045 1599 .
1065 1589 1075 1599 .
1095 1589 1104 1598 .
1125 1590 1134 1599 .

634 1631 706 1673 Me
727 1629 873 1673 videat
895 1639 938 1672 et
961 1640 1022 1683 te,
1046 1629 1191 1685 Troja.
1215 1627 1315 1670 Non
1332 1642 1463 1685 usque
1486 1626 1628 1670 novit⁴

637 1705 906 1747 Documenta
925 1718 1015 1745 sors
1035 1702 1221 1758 majora,
1247 1716 1376 1760 quam
1396 1699 1533 1760 fragili
1555 1699 1651 1742 loco

630 1776 799 1818 Starent
820 1773 1007 1834 superbi.

454 1909 512 1952 Et
543 1905 604 1952 de
638 1905 785 1970 ipsius
829 1901 1176 1950 calamitatibus
1214 1910 1357 1964 atque
1394 1899 1668 1946 infortuniis
1710 1898 1869 1946 multae

451 1982 713 2047 tragoediae,
747 1991 794 2028 et
825 1996 984 2044 graecae
1011 1988 1058 2026 et
1082 1978 1260 2037 latinae,
1297 1977 1433 2024 editae
1465 1986 1591 2024 sunt.
1624 1976 1717 2025 Sed
1749 1977 1868 2041 quid

451 2060 612 2108 infelix
647 2061 735 2106 iste
777 2058 1008 2105 Henricus
1046 2065 1116 2102 est
1163 2054 1411 2101 dicturus?
1447 2054 1630 2112 Quibus
1679 2054 1863 2116 verbis,

456 2137 633 2204 quibus
654 2136 875 2200 lacrymis
897 2144 943 2182 et
970 2132 1254 2198 singultibus
1276 2148 1413 2179 suam
1446 2131 1780 2197 deploraturus
1810 2132 1868 2178 sit

502 2295 520 2330 1
532 2322 541 2332 .
574 2293 745 2343 Georges
757 2290 900 2338 Nevill,
917 2289 1040 2342 grand
1059 2289 1278 2328 chancelier
1293 2288 1561 2342 d’Angleterre
1574 2297 1612 2328 et
1624 2288 1866 2340 archeveque

448 2351 614 2399 d’York,
645 2351 746 2389 frere
772 2350 824 2388 du
850 2358 975 2387 comte
1003 2349 1052 2387 de
1076 2349 1283 2398 Warwick‚
1315 2362 1390 2400 que
1414 2350 1470 2388 les
1492 2348 1695 2388 historiens
1720 2349 1868 2401 anglais

447 2412 626 2463 reputent
639 2410 749 2448 avoir
762 2409 821 2447 ete
841 2409 889 2447 de
907 2409 1144 2446 connivence
1163 2421 1257 2447 avec
1272 2400 1455 2446 Edouard
1471 2409 1522 2448 IV
1538 2407 1592 2446 du
1607 2417 1778 2447 moment
1791 2421 1868 2460 que

447 2471 606 2511 celui-ci
625 2479 734 2510 entra
753 2471 774 2507 a
794 2468 982 2509 Londres.

501 2533 541 2569 2.
573 2531 738 2569 Citation
757 2529 805 2567 de
824 2529 1123 2580 l’Agamemnon
1142 2526 1190 2565 de
1209 2526 1399 2578 Seneque.

504 2594 542 2631 3.
573 2592 643 2630 Ces
662 2602 751 2628 vers
771 2597 837 2626 ont
855 2588 913 2626 ete
934 2588 1004 2625 mis
1019 2601 1090 2639 par
1109 2587 1284 2637 Seneque
1302 2599 1381 2624 non
1398 2598 1466 2637 pas
1483 2584 1578 2625 dans
1595 2586 1634 2624 la
1647 2585 1800 2625 bouche
1817 2586 1867 2626 de

446 2651 589 2699 Priam,
607 2649 702 2687 mais
718 2648 813 2686 dans
828 2647 923 2686 celle
939 2645 1151 2685 d'Hecube.
1169 2648 1269 2685 C'est
1281 2645 1569 2684 l’introduction
1581 2645 1630 2684 de
1643 2646 1681 2684 la
1696 2645 1866 2699 tragedie

445 2712 620 2751 intitulee
645 2713 773 2747 Troas.

499 2774 537 2810 4.
564 2774 708 2808 Erreur
730 2769 779 2806 de
802 2767 988 2806 memoire
1010 2766 1077 2817 qui
1097 2766 1192 2804 rend
1221 2766 1256 2804 le
1280 2779 1368 2804 vers
1392 2765 1499 2807 faux.
1525 2769 1598 2804 Les
1623 2774 1744 2806 textes
1766 2779 1863 2818 por-

442 2840 523 2870 tent
541 2844 613 2868 non
635 2842 795 2879 unquam
817 2830 917 2865 tulit.
