2054 3470
739 347 884 385 LIBER
911 347 1179 384 SECUNDUS.
1590 349 1605 382 1
1618 348 1667 383 75

259 437 483 498 fecerant,
506 435 745 499 fidemque
773 435 967 481 minime
989 443 1291 481 servaverant
1308 469 1320 491 ,
1347 443 1463 480 tunc
1486 433 1667 497 absque

258 514 478 562 cautione
499 513 684 579 potiore
705 510 823 558 fides
844 511 911 558 eis
931 510 1097 558 habita
1117 527 1215 558 non
1240 520 1331 568 est;
1356 509 1435 557 sed
1458 511 1669 575 oportuit

258 601 312 639 ut
347 591 407 640 de
445 591 565 646 suis,
603 589 665 638 ad
701 588 936 636 delectum
973 588 1183 652 ejusdem
1222 587 1415 635 illustris
1450 589 1664 645 comitis,

260 669 448 717 obsides
485 667 827 732 quinquaginta
862 665 1059 724 darent,
1098 666 1179 730 qui
1216 681 1365 730 usque
1402 664 1463 711 ad
1510 665 1669 730 proxi-

260 746 422 794 mioris
439 744 690 792 solutionis
711 743 966 791 terminum
979 780 991 799 ‚
1019 742 1109 790 sub
1130 759 1278 790 manu
1300 742 1491 790 victoris
1513 758 1670 789 rema-

259 831 451 881 nerent3
475 820 711 868 solutione
734 830 891 868 autem
916 819 1061 878 sacta,
1087 820 1151 867 ita
1175 819 1305 867 abire
1332 819 1533 866 domum
1557 836 1669 883 pos-

258 908 384 958 sent,
409 905 664 964 postquam
688 897 766 945 alii
788 898 1130 962 quinquaginta
1160 897 1354 958 delecti,
1379 906 1432 944 ut
1461 897 1666 962 priores,

259 976 387 1024 missi
405 975 596 1023 obsides
622 975 818 1023 forent¹.

322 1055 379 1101 Et
410 1053 501 1102 hac
530 1054 651 1118 lege,
690 1063 738 1102 et
770 1052 860 1100 sub
890 1053 1029 1100 certis
1066 1053 1226 1100 multis
1261 1053 1498 1118 capitulis,
1527 1054 1671 1117 juris-

252 1131 443 1196 jurandi
477 1131 704 1197 religione
736 1131 958 1189 firmatis,
994 1131 1054 1179 ad
1086 1149 1193 1179 suas
1233 1131 1406 1180 domos
1444 1141 1491 1180 et
1534 1149 1671 1196 agros

256 1208 473 1274 permissi
504 1218 615 1273 sunt
641 1208 818 1268 abire²3
852 1208 1188 1274 principesque
1220 1209 1424 1256 illustres
1455 1212 1668 1272 Burgun-

257 1285 488 1347 dionum,
532 1287 769 1352 permissis
805 1287 901 1334 suis
938 1285 1166 1334 militibus
1203 1287 1422 1352 proprias
1458 1296 1672 1352 repetere

259 1361 455 1424 domos,
482 1363 531 1410 iu
554 1364 856 1412 Brabantiam
881 1363 1230 1428 triumphantes
1250 1374 1536 1411 remearunt.

325 1440 461 1488 Siluit
486 1440 645 1505 itaque
671 1450 787 1487 tunc
814 1440 875 1488 ab
904 1441 1142 1506 armisque
1171 1441 1351 1505 quievit
1379 1444 1671 1488 Francorum

259 1533 364 1577 rex,
397 1527 705 1582 spectareque
738 1518 919 1565 otiosus
955 1518 1112 1583 potuit
1145 1519 1339 1565 Dinanti
1368 1519 1584 1566 flammas
1627 1529 1672 1566 et

261 1594 544 1642 stolidorum
575 1604 717 1659 atque
747 1597 1097 1643 cervicosorum
1128 1595 1509 1666 humiliationem
1547 1595 1672 1643 Ebu·

260 1687 460 1731 ronum,
487 1672 620 1731 licet,
651 1681 704 1719 ut
729 1671 956 1733 diximus,
987 1673 1200 1736 ingentes
1226 1672 1461 1720 bellorum
1492 1673 1674 1720 fecisset

260 1757 538 1813 apparatus,
571 1765 692 1813 quos
719 1749 766 1796 in
799 1766 965 1797 eorum
990 1748 1339 1814 protectionem
1370 1759 1513 1814 atque
1541 1750 1674 1797 auxi-

259 1823 376 1872 lium
401 1842 690 1891 expensurus
709 1826 1082 1874 existimabatur.
1111 1830 1165 1873 Et
1187 1827 1419 1891 profecto,
1443 1829 1481 1874 si
1502 1828 1675 1875 voluis-

261 1910 345 1960 set,
373 1913 560 1968 poterat
587 1903 721 1952 facile
743 1905 809 1952 eis
832 1905 1061 1952 auxilium
1086 1905 1344 1971 impertire,
1377 1906 1675 1971 Burgundio-

260 1996 475 2046 numque
503 1981 742 2047 principes
775 1993 915 2046 atque
947 1999 1114 2030 eorum
1150 1993 1300 2031 terras
1331 1985 1379 2030 in
1414 1985 1675 2032 maximum

263 2055 515 2106 discrimen
539 2058 795 2106 adducere.
835 2062 954 2107 Nam
976 2061 1039 2121 si,
1068 2076 1166 2125 quo
1195 2070 1413 2127 tempore
1441 2078 1553 2109 cum
1579 2063 1675 2109 suis

263 2133 462 2197 agebant
484 2137 635 2202 copiis
656 2136 784 2202 apud
807 2137 1086 2197 Dinantum,
1110 2139 1207 2185 suis
1228 2138 1440 2204 undique
1462 2149 1676 2187 contrac-

264 2211 348 2273 tis,
375 2222 520 2261 terras
545 2214 768 2262 Picardiae
791 2214 951 2262 fuisset
972 2217 1261 2279 aggressm',
1287 2233 1537 2281 nunquam
1559 2227 1677 2264 tem-

319 2316 356 2353 1.
390 2332 409 2350 οι
438 2317 539 2354 C’est
571 2317 592 2354 Ξι
622 2316 790 2366 scavoir,
823 2324 946 2354 trente
978 2316 1096 2355 deulx
1125 2318 1298 2357 hommes
1326 2333 1425 2371 pour
1457 2319 1494 2357 la
1521 2320 1595 2358 cite
1629 2320 1677 2359 de

265 2371 401 2426 Liege,
424 2373 491 2412 dix
518 2389 618 2427 pour
643 2375 680 2414 la
707 2375 798 2414 ville
831 2375 878 2413 de
903 2378 1094 2429 Tongres,
1125 2378 1182 2415 six
1205 2377 1308 2417 dela
1328 2379 1421 2417 ville
1451 2379 1500 2417 de
1530 2380 1676 2418 Sainct-

265 2433 366 2484 Trou
386 2440 424 2470 et
442 2433 500 2471 six
518 2433 565 2472 de
587 2434 626 2473 la
647 2434 739 2473 ville
758 2434 807 2472 de
827 2436 1045 2481 Hasselt,...
1072 2435 1256 2486 lesquelz,
1277 2451 1326 2475 au
1345 2436 1442 2476 hout
1459 2438 1508 2476 de
1527 2439 1620 2485 l’an,
1641 2447 1678 2477 et

268 2487 383 2538 qn’ilz
410 2493 584 2531 auroient
611 2494 710 2545 paye
739 2507 819 2545 ung
852 2503 1084 2545 payement‚
1116 2495 1241 2533 iceulx
1275 2498 1480 2548 cinquante
1512 2498 1678 2536 seroient

268 2547 410 2598 quittez
431 2559 470 2588 et
498 2553 827 2602 retourneroient,
852 2562 1089 2604 moyennant
1117 2568 1194 2605 que
1224 2568 1322 2593 ceux
1351 2555 1400 2594 de
1424 2556 1560 2607 Licge,
1594 2555 1677 2593 ains

269 2605 385 2657 qu’ilz
409 2610 630 2660 partissent,
655 2625 704 2650 en
730 2613 996 2651 renverroient
1026 2613 1208 2652 d’aultres
1234 2614 1452 2666 cinquante.
1480 2633 1497 2648 »-
1524 2618 1569 2652 Et
1596 2614 1678 2652 cela

270 2664 401 2704 devait
427 2681 467 2706 se
496 2670 695 2709 continuet
719 2671 816 2710 ainsi
842 2672 1005 2711 d'annee
1035 2686 1084 2712 en
1115 2674 1239 2712 annee
1264 2673 1446 2726 jusq'u'au
1472 2681 1679 2726 payement

270 2725 436 2777 complet
455 2726 523 2766 des
545 2730 622 2768 600
635 2731 711 2768 000
733 2730 865 2769 florius
884 2731 1057 2784 stipules.
1078 2734 1114 2773 J.
1133 2733 1339 2784 Duclercq,
1360 2733 1384 2771 l.
1401 2735 1449 2782 V,
1469 2747 1503 2771 c.
1525 2746 1620 2770 an.

324 2787 364 2826 2.
394 2789 448 2824 Le
469 2790 491 2824 7
512 2787 724 2839 septembre
747 2791 866 2828 1466.

327 2846 366 2883 3.
396 2844 531 2884 C'etait
545 2845 636 2884 bien
655 2847 693 2885 la
710 2860 753 2885 ce
771 2850 794 2885 a
811 2849 903 2899 quoi
922 2849 948 2887 il
967 2850 1094 2899 visast,
1108 2859 1146 2889 et
1160 2859 1244 2890 tous
1262 2851 1318 2889 les
1334 2859 1566 2889 armements
1585 2850 1679 2889 dont
