2054 3470
1268 277 1287 295 Ο

719 341 865 379 mm
900 341 1129 390 Qumrus.
1555 344 1633 382 385

220 429 378 494 primo
400 429 862 477 Commentariorum
894 445 1092 477 suorum
1113 429 1254 490 libro,
1279 447 1401 496 quos
1418 430 1479 479 de
1497 431 1633 481 bellis

222 506 398 570 gallicis
421 507 627 572 scripsit,
652 505 891 554 Helvetios
913 517 1176 572 nuncupat.

285 583 383 648 Ipsi
403 584 530 630 enim
564 599 674 630 cum
696 582 874 630 steriles
897 592 1084 630 montes
1108 599 1312 647 saxaque
1335 594 1383 631 et
1407 585 1633 651 scopulos

222 675 356 724 paene
382 660 644 707 inaccessos
662 658 896 720 habitent,
922 676 1155 725 pauperes
1178 669 1230 706 ut
1249 660 1342 707 sint
1361 671 1531 709 natura
1555 679 1635 709 ne-

223 753 353 784 cesse
383 746 469 799 est,
494 753 604 784 cum
637 735 705 783 ibi
726 753 815 783 nec
843 736 1082 784 frumenta
1104 754 1194 784 nec
1215 737 1352 800 vina,
1385 739 1477 785 nisi
1499 739 1638 786 raris-

223 813 358 873 sime,
382 823 435 861 ut
454 813 718 879 plurimum
737 830 854 862 vero
874 830 963 861 nec
983 814 1121 862 utiles
1137 813 1299 862 herbae
1322 832 1478 880 neque
1500 815 1639 863 arbo-

223 905 315 950 res,
342 899 512 955 praeter
538 890 715 938 abietes
731 928 744 953 ,
781 907 992 939 crescere
1023 890 1291 938 videantur.
1328 891 1399 939 Ad
1431 908 1637 957 parvum

225 976 339 1015 vero
362 978 411 1016 et
431 978 627 1018 tenuem
642 969 820 1017 victum
837 969 1027 1029 assueti,
1053 969 1200 1017 caseis
1215 979 1263 1017 et
1277 969 1414 1030 lacte,
1443 987 1568 1035 quos
1585 988 1640 1019 ex

225 1045 528 1107 animalibus,
553 1063 659 1111 quae
679 1046 775 1094 illic
786 1046 956 1093 nutriri
977 1056 1196 1112 possunt,
1222 1046 1434 1107 trahunt,
1460 1057 1508 1095 et
1522 1058 1643 1114 potu

224 1139 358 1188 aquae
377 1123 554 1188 srigidae
589 1140 763 1188 magna
796 1140 854 1171 ex
875 1134 1009 1189 parte
1035 1125 1329 1171 nutriuntur.
1356 1125 1501 1182 Quod
1534 1127 1644 1173 satis

225 1200 486 1265 prudenter
509 1200 758 1248 advertens
779 1203 1070 1248 Francorum
1090 1217 1195 1262 rex,
1232 1201 1316 1265 qui
1338 1217 1501 1249 versus
1523 1205 1645 1267 Lug-

226 1277 414 1324 dunum
442 1278 606 1343 copias
640 1293 836 1341 magnas
870 1293 1067 1324 suorum
1108 1278 1322 1342 equitum
1352 1287 1399 1325 et
1428 1278 1645 1344 peditum

227 1364 526 1402 contraxerat
574 1354 1012 1420 (contemplaturus
1062 1354 1235 1402 exinde
1274 1355 1335 1402 de
1371 1357 1646 1421 propinquo

227 1431 340 1479 belli
358 1442 601 1495 eventum,
628 1443 675 1480 et
705 1432 894 1497 qualem
918 1432 1108 1480 fortuna
1133 1442 1424 1498 proventum
1456 1436 1540 1481 uni
1571 1435 1647 1482 vel

228 1510 365 1559 alteri
388 1512 598 1576 partium
620 1511 819 1559 allatura
835 1511 997 1576 esset),
1016 1511 1106 1576 ipsi
1129 1512 1523 1575 Burgundionum
1537 1513 1648 1561 duci

229 1605 315 1654 per
337 1589 517 1652 legatos
541 1589 824 1636 sententiam
853 1605 989 1637 suam
1014 1598 1061 1636 et
1082 1589 1334 1637 consilium
1355 1590 1647 1639 insinuatum

230 1665 372 1712 misit.
417 1664 707 1712 Consulebat
741 1666 979 1730 siquidem
1011 1676 1057 1713 et
1094 1683 1383 1732 magnopere
1418 1667 1648 1715 suadebat

228 1742 320 1808 ipsi
343 1743 740 1807 Burgundionum
761 1743 875 1790 duci
894 1743 954 1790 ab
972 1743 1124 1791 hocce
1141 1743 1269 1791 bello
1289 1743 1643 1806 abstinendum,

229 1827 277 1864 et
288 1817 552 1865 consultius
570 1827 616 1865 et
628 1817 788 1865 utilius
805 1817 893 1865 sibi
904 1835 1016 1865 cum
1031 1818 1282 1867 honestate
1301 1819 1500 1869 domum
1519 1821 1649 1868 inco-

229 1893 412 1942 lumem
433 1895 610 1961 pedem
637 1895 814 1942 referre
837 1905 884 1942 et
914 1896 1009 1943 illic
1045 1896 1314 1960 quiescere,
1352 1914 1497 1961 quam
1521 1897 1647 1946 bello

229 1972 336 2021 illos
362 1990 619 2039 pauperes,
645 1972 730 2020 sed
752 1982 971 2021 strenuos
996 1974 1164 2039 procul
1195 1974 1347 2022 dubio
1377 1985 1521 2039 atque
1552 1977 1650 2024 ani-

231 2067 411 2111 mosos,
439 2051 677 2115 Alpinates
694 2050 943 2098 lacessere¹
973 2069 984 2097 z
1010 2067 1123 2098 nam
1145 2051 1230 2098 ubi
1252 2067 1335 2098 eos
1359 2053 1650 2117 opprimeret

233 2137 281 2175 et
302 2144 471 2175 eorum
500 2128 767 2191 acquireret
791 2137 955 2187 terras,
981 2128 1100 2175 nihil
1135 2128 1248 2176 utile
1279 2128 1370 2176 sibi
1394 2131 1651 2194 acquisitu-

233 2222 367 2266 rum3
392 2204 474 2252 ubi
499 2222 616 2252 vero
643 2214 841 2252 econtra
862 2205 1068 2253 infausto
1089 2207 1251 2254 omine
1266 2206 1334 2254 illi
1348 2207 1514 2273 (prout
1535 2226 1653 2257 sem-

233 2300 320 2349 per
343 2283 463 2330 varii
494 2292 636 2347 atque
670 2282 838 2330 incerti
865 2292 977 2329 sunt
997 2283 1237 2331 bellorum
1263 2286 1479 2349 eventus)
1513 2303 1652 2352 supe-

235 2361 384 2407 riores
425 2359 587 2425 praelio
621 2359 906 2417 evaderent,
940 2376 1080 2424 posse
1115 2360 1211 2408 hoc
1246 2362 1563 2411 verisimiliter
1605 2375 1652 2411 et

236 2438 359 2497 vitae,
381 2446 428 2485 et
446 2437 748 2484 fortunarum
770 2437 1006 2499 omnium,
1030 2453 1131 2485 uno
1148 2449 1414 2501 momento,
1436 2440 1525 2487 sibi
1540 2442 1653 2488 irre·

238 2513 451 2578 parabile
472 2514 669 2562 exitium
691 2514 970 2580 importare.

293 2654 311 2689 1
323 2681 332 2690 .
362 2655 396 2690 A
415 2651 454 2690 la
471 2664 604 2704 marge
626 2651 679 2690 du
699 2665 773 2691 ms.
801 2651 828 2690 il
845 2665 872 2703 y
890 2665 914 2690 a
939 2665 989 2690 en
1007 2660 1097 2691 note
1119 2667 1128 2691 :
1153 2656 1242 2692 Hoec
1259 2656 1364 2705 longe
1393 2656 1508 2692 aliter
1522 2665 1656 2694 narrat

239 2713 441 2760 Philippus
475 2713 718 2750 Comminaeus
750 2720 788 2748 et
815 2721 913 2749 certe
943 2713 1191 2750 verisimilius.
1227 2715 1444 2763 Remarque
1474 2712 1656 2764 deplacee

242 2770 447 2821 puisqu'on
463 2769 508 2807 lit
523 2783 574 2807 au
587 2778 914 2808 commencement
929 2770 983 2808 du
999 2770 1096 2809 livre
1107 2774 1139 2809 V
1151 2771 1218 2809 des
1235 2772 1439 2809 Memoires
1454 2786 1462 2808 ι
1488 2787 1507 2805 α
1518 2774 1572 2810 Le
1585 2785 1656 2826 roy

241 2829 278 2867 le
288 2829 481 2867 sollicitoit
490 2828 579 2867 fort.
589 2858 597 2869 .
606 2858 614 2867 .
625 2858 633 2866 .
648 2829 742 2880 qu'il
755 2829 903 2868 laissast
917 2842 967 2869 en
979 2830 1070 2883 paix
1082 2843 1145 2870 ces
1154 2843 1296 2883 povres
1304 2843 1398 2883 gens
1406 2830 1453 2868 de
1467 2831 1624 2873 Suisses.
1634 2849 1652 2867 ι

454 2913 491 2937 11
1391 2903 1442 2938 25
