2054 3470
358 373 434 413 428
785 376 943 414 INDEX
969 376 1333 416 CAPITULORUM.

406 507 441 534 et
458 498 547 547 regis
563 499 811 547 responsione,
830 501 931 548 cujus
950 499 1133 536 occasione
1157 500 1242 536 dolo
1266 500 1518 537 advocatorum
1535 473 1767 538 &mugiens

405 557 636 605 provinciales
656 559 805 607 turpiter
820 559 1046 594 circumventi
1051 586 1533 598 .....................
1545 552 1556 597 ζ
1570 586 1673 599 .....
1722 562 1768 597 30

359 657 570 693 Csrrmum
580 670 616 692 x.
631 678 679 685 —
693 659 745 692 De
759 658 992 694 conventione
1008 658 1168 694 statuum
1181 658 1371 706 provinciae
1386 658 1558 707 ejusdem,
1571 667 1606 694 et
1619 659 1673 695 le-

405 716 545 764 gatione
557 717 660 752 missa
679 716 727 752 a'd
747 729 864 765 regem
879 716 1132 764 vanissimaque
1149 718 1374 753 exsultatione
1393 718 1518 766 populi
1534 718 1679 766 provin-

406 774 479 820 ciae,
496 776 552 810 vel
566 774 651 809 dolo
663 803 673 820 ,
689 777 744 810 vel
758 776 931 823 imperitia
947 789 1092 811 suorum
1106 777 1301 824 legatorum
1316 777 1545 812 circumventi
1549 803 1675 813 ......
1725 777 1771 812 33

309 916 312 919 ,
360 873 569 908 Csrrmnmu
596 886 645 908 x1.
670 893 718 901 —
739 873 899 917 Qualiter
924 872 1129 920 hujusmodi
1158 885 1249 908 vana
1269 873 1387 908 laetitia
1413 873 1452 908 in
1475 874 1610 908 luctum
1630 872 1679 907 eis

406 931 505 966 brevi
521 940 671 975 mutata·,
687 941 721 967 et
733 932 778 966 de
788 932 986 966 infortunio
998 931 1225 966 Remensium
1239 940 1274 966 et
1287 931 1571 979 Andegavorum,
1581 930 1679 978 quod

408 989 593 1025 occasione
611 990 788 1038 regiarum
808 990 1083 1037 promissionum
1104 990 1331 1025 incurrerunt
1337 1016 1676 1027 ...............
1726 991 1772 1025 38

362 1092 573 1127 Gula-omn
586 1103 651 1126 xu-
662 1110 711 1118 -—
721 1091 774 1125 De
786 1089 891 1125 variis
904 1089 1134 1137 legationibus
1148 1103 1191 1124 ex
1202 1090 1439 1137 potentatibus
1451 1090 1560 1126 Iuliae
1568 1091 1681 1126 missis

407 1150 455 1187 ad
479 1148 773 1186 consalutandum
797 1162 931 1185 novum
959 1162 1097 1196 regem,
1122 1158 1158 1184 et
1181 1148 1226 1184 de
1249 1149 1379 1205 foedere
1401 1150 1490 1186 inito
1511 1163 1576 1198 per
1599 1164 1682 1186 eum

409 1222 491 1244 cum
505 1209 595 1244 duee
609 1207 803 1244 Mediolani
810 1233 1678 1249 .....................................
1727 1213 1774 1247 42

363 1311 573 1346 CArrmLtm
588 1321 665 1345 xm.
688 1329 734 1336 -
754 1309 914 1352 Qualiter
934 1321 995 1343 rex
1010 1307 1225 1342 Britanniam
1241 1308 1461 1343 Armoricam
1475 1309 1628 1345 visitavit
1647 1319 1682 1346 et

408 1383 489 1405 cum
505 1369 595 1404 duce
612 1368 770 1417 ejusdem
787 1368 1003 1403 simultatum
1019 1376 1053 1403 et
1067 1366 1292 1403 dissensionis
1306 1380 1447 1403 causam
1459 1368 1678 1406 adinvenit..
1728 1373 1776 1407 45

364 1472 575 1507 eumen
590 1483 722 1528 pm—
675 1469 865 1514 —Qualia
880 1469 1008 1505 auxilia
1024 1468 1215 1512 Hem-icus,
1231 1469 1426 1516 Anglorum
1442 1472 1525 1514 rex,
1540 1477 1574 1505 et
1585 1469 1682 1505 Mar·

408 1539 525 1577 gareta
551 1529 691 1576 regina,
718 1541 827 1576 regno
855 1529 987 1576 Angliae
1007 1526 1163 1575 depulsi,
1182 1526 1279 1574 apud
1299 1526 1523 1564 Ludovicum
1544 1541 1679 1576 regem,

410 1603 492 1625 cum
509 1598 623 1625 essent
637 1589 744 1624 ambo
763 1587 922 1636 ejusdem
938 1587 1160 1633 consobrini,
1178 1586 1388 1623 invenerunt
1392 1612 1677 1623 .............
1726 1590 1770 1623 47

364 1691 576 1726 (inl-tunm
594 1702 652 1726 xv.
671 1708 720 1716 —
733 1688 893 1732 Qualiter
910 1686 1127 1723 Francorum
1145 1698 1208 1722 rex
1231 1698 1313 1721 cum
1334 1686 1516 1732 Edoardo,
1542 1688 1679 1735 Anglo-

407 1760 489 1782 rum
512 1757 683 1794 tyranno,
714 1746 816 1781 binas
838 1754 977 1794 treugas
1001 1745 1080 1780 iniit
1109 1744 1263 1780 exitiales
1288 1745 1463 1790 Henrico,
1485 1746 1682 1793 Anglorum

410 1807 503 1854 regi,
527 1806 742 1841 consobrino
762 1818 846 1850 suo;
869 1806 931 1852 qui
946 1804 1177 1840 delitescens
1168 1817 1205 1839 m
1228 1804 1441 1839 monasterio
1460 1817 1574 1852 prope
1593 1804 1682 1841 fine·

410 1866 509 1912 regni
524 1865 591 1909 sui,
607 1864 770 1912 proditus
785 1863 967 1909 Edoardo,
985 1863 1054 1900 ab
1045 1876 1122 1912 ipso
1138 1863 1176 1898 in
1189 1863 1297 1898 Turri
1316 1862 1586 1899 Londoniarum
1605 1876 1682 1900 car-

409 1925 480 1959 ceri
495 1933 546 1960 est
561 1925 782 1972 mancipatus
785 1949 1673 1960 ......................................
1727 1925 1769 1959 51

365 2026 575 2062 Caranum
603 2040 678 2063 xv1.
707 2047 755 2053 —
781 2028 834 2061 De
866 2026 995 2062 foedere
1025 2024 1124 2072 quod
1151 2025 1369 2059 Francorum
1402 2035 1464 2058 rex
1494 2021 1574 2058 iniit
1601 2035 1684 2058 cum

410 2086 433 2119 J
434 2098 567 2129 oanne
585 2098 667 2132 rege
681 2087 898 2132 Aragonum‚
915 2093 949 2122 et
965 2083 1169 2120 liberatione
1189 2082 1317 2130 reginae
1332 2083 1478 2118 obsessae
1498 2082 1598 2163 apud
1610 2084 1681 2119 Ge·

410 2144 562 2179 rundam
577 2156 640 2191 per
655 2143 845 2180 adventum
861 2143 1032 2178 exercitus
1044 2143 1261 2176 Francorum
1265 2167 1675 2178 ..................
1729 2144 1774 2179 54

365 2240 577 2275 Csrmuzun
591 2251 678 2275 xvu.
692 2259 738 2266 —
751 2239 804 2273 De
817 2237 1077 2286 expugnatione
1093 2236 1222 2271 castelli
1233 2235 1277 2271 de
1291 2237 1326 2271 V
1327 2237 1433 2272 olone
1447 2245 1483 2272 et
1496 2236 1681 2272 obsidione

411 2299 615 2334 Barcinonae
632 2298 676 2333 ab
695 2298 849 2333 exercitu
867 2298 1083 2332 Francorum
1091 2321 1671 2333 .........................
1729 2298 1774 2332 59

366 2396 576 2431 Currumm
592 2407 693 2432 xvm.
717 2415 766 2422 —
782 2392 973 2438 Quomodo
997 2392 1124 2428 Franci
1146 2401 1399 2439 recuperarunt
1421 2393 1679 2440 Terragonam;

411 2453 638 2503 postmodum
651 2482 661 2498 ,
689 2453 735 2488 ad
755 2453 901 2502 propria
923 2451 1073 2495 reversi,
1101 2450 1147 2486 ad
1171 2450 1394 2486 liberandum
1419 2463 1536 2486 arcem
1559 2451 1683 2498 Perpi-

410 2515 509 2550 niani
529 2515 703 2548 obsessam
725 2512 926 2555 redierunt;
948 2524 1059 2558 eaque
1075 2511 1221 2545 liberata
1237 2519 1271 2545 et
1285 2509 1421 2558 oppido
1438 2518 1580 2558 recepto
1601 2522 1683 2545 cum

412 2582 488 2609 toto
504 2574 672 2608 comitatu
689 2571 894 2607 Rossilionis
915 2580 948 2606 et
963 2570 1164 2614 Ceritaniae,
1183 2571 1401 2605 Francorum
1417 2582 1480 2605 rex
1501 2570 1596 2617 ipsos
1619 2582 1683 2605 co-

418 2633 578 2677 mitatus,
595 2641 762 2679 tanquam
778 2631 844 2666 sibi
860 2630 1047 2677 acquisitos
1059 2656 1070 2673 ‚
1089 2629 1201 2664 tenuit
1220 2637 1253 2663 et
1268 2628 1422 2676 possedit
1429 2654 1676 2665 ...........
1730 2630 1775 2664 62

318 2725 322 2728 ’
368 2729 579 2765 Cunnum
592 2740 665 2763 xxx.
683 2747 732 2754 —
746 2727 797 2760 De
815 2724 991 2760 discordia
1009 2737 1069 2759 seu
1083 2724 1256 2758 simultate
1268 2732 1345 2758 orta
1361 2723 1451 2758 inter
1467 2735 1563 2771 reges
1577 2724 1683 2758 Fran-

413 2787 475 2822 ciae
490 2796 524 2822 et
537 2788 711 2829 Castellae‚
728 2786 842 2822 statim
857 2785 974 2820 sedata
980 2808 1675 2819 ..............................
1730 2783 1773 2817 67

370 2878 579 2913 Cilurnum
607 2891 664 2912 xx.
693 2898 738 2905 —
764 2875 957 2920 Quomodo
984 2885 1100 2908 comes
1123 2872 1167 2906 de
1195 2873 1363 2907 Charolois
1386 2885 1502 2919 regem
1526 2873 1681 2907 Turonis
