2054 3470
445 342 495 380 52
806 341 1148 380 HISTORIARUM
1174 342 1410 380 LUDOVICI
1436 343 1493 379 xl

445 428 936 495 oppidum‘Picardiae
978 447 1028 478 se
1063 430 1315 477 conferret.
1358 428 1502 487 Quod
1544 429 1652 476 licet
1699 428 1847 476 sactu-

445 524 551 555 rum
573 524 623 555 se
647 507 820 572 pluries
843 507 1197 573 respondisset¹,
1222 518 1268 554 et
1288 507 1349 554 ad
1370 506 1487 553 fines
1507 506 1613 554 illos
1630 523 1712 559 rex
1732 506 1847 553 bina

441 584 545 631 vice
578 584 627 630 in
664 583 925 631 Picardiam
957 583 1197 648 profectus
1224 593 1368 641 esset,
1405 583 1545 629 variis
1572 592 1732 629 tamen
1765 582 1848 630 de-

440 671 598 709 tentus
624 653 977 727 impedimentis
1001 661 1051 708 id
1078 662 1272 708 minime
1297 671 1412 709 tunc
1436 660 1612 720 effecit,
1653 661 1737 708 sed
1767 678 1846 708 ex-

440 738 726 795 cusationes,
745 754 864 803 quas
878 747 992 785 tunc
1010 737 1186 786 habere
1208 747 1410 803 poterat,
1435 738 1532 802 regi
1550 739 1848 785 innotescere

439 815 566 863 fecit.

507 893 618 956 Ejus
642 902 798 939 tamen
826 891 986 938 medio
1012 901 1154 954 atque
1177 892 1467 950 interventu,
1498 890 1611 938 bina
1633 892 1737 939 vice
1767 908 1846 939 rex

440 972 730 1023 Francorum
764 985 874 1015 cum
907 967 1130 1015 Edoardo
1165 984 1303 1033 rege,
1345 985 1427 1034 spe
1460 967 1768 1015 conciliandae
1801 977 1848 1014 et

439 1044 683 1093 firmandae
705 1045 860 1110 pacis,
898 1054 1082 1108 treugas
1104 1044 1209 1090 iniit
1230 1054 1372 1108 atque
1395 1044 1502 1091 fecit
1529 1062 1539 1090 ε
1565 1045 1741 1110 primas
1763 1032 1846 1091 an’·

438 1123 595 1184 nales,
628 1121 863 1169 secundas
891 1121 952 1168 ad
977 1121 1143 1186 viginti
1175 1121 1298 1168 duos
1328 1122 1554 1168 menses’.
1591 1124 1707 1179 Quae
1735 1138 1846 1187 pro-

437 1199 563 1247 fecto
599 1200 741 1247 etiam
779 1198 972 1245 exitium
1009 1198 1153 1245 totale
1188 1197 1483 1245 consobrino
1516 1215 1604 1245 suo
1639 1199 1845 1245 Henrico

438 1278 630 1341 suisque
685 1276 899 1323 maximae
948 1276 1223 1323 calamitatis
1273 1292 1464 1322 causam
1513 1277 1842 1340 praestiterunt.

437 1356 641 1401 Securus
663 1354 791 1401 enim
814 1362 928 1400 tunc
949 1353 1010 1400 de
1031 1354 1221 1400 Francis
1248 1352 1496 1400 Edoardus
1510 1390 1522 1414 ,
1547 1369 1711 1400 versus
1731 1355 1846 1400 Sco-

437 1433 552 1478 tiam
588 1441 635 1478 et
673 1431 734 1478 ad
771 1431 904 1494 regni
941 1429 1113 1494 Angliae
1143 1429 1286 1490 fines,
1328 1430 1376 1476 in
1415 1429 1590 1494 quibus
1626 1429 1849 1477 nonnulli

437 1526 658 1574 proceres
685 1525 740 1556 ac
764 1508 950 1555 nobiles
978 1510 1133 1572 regni,
1158 1509 1241 1572 qui
1271 1508 1472 1555 fideliter
1502 1518 1548 1555 et
1575 1518 1850 1557 constanter

437 1586 671 1643 Henrico,
717 1585 816 1649 regi
858 1602 971 1644 suO,
1022 1585 1345 1642 adhaeserant,
1392 1584 1650 1647 nonnulla⁸
1690 1583 1850 1632 adhuc

437 1663 615 1727 oppida
650 1672 696 1709 et
733 1662 921 1709 castella
955 1662 1182 1709 tenebant
1209 1700 1220 1722 ,
1271 1662 1626 1727 expeditionem
1660 1662 1846 1709 direxit.

437 1739 653 1786 Obsessis
682 1749 840 1787 autem
870 1739 1115 1786 nonnullis
1146 1740 1339 1800 castris,
1377 1756 1480 1803 quae
1507 1755 1535 1786 a
1566 1740 1663 1786 suis
1692 1738 1848 1786 adhuc

436 1816 655 1864 hostibus
677 1816 979 1875 tenebantur,
1008 1816 1203 1863 eosdem
1228 1816 1290 1863 ad
1312 1816 1637 1863 dimicandum
1661 1816 1842 1879 coegit;

438 1893 487 1939 in
508 1909 606 1957 quo
622 1892 879 1939 certamine
896 1894 1052 1938 omnis
1069 1909 1204 1957 paene
1225 1892 1465 1952 nobilitas,
1490 1892 1680 1939 Henrici
1693 1901 1848 1957 partes

437 1978 621 2030 secuta,
657 1969 903 2015 infeliciter
933 1968 1200 2015 occubuit'·.
1230 1972 1286 2014 Et
1317 1969 1381 2015 ita
1415 1979 1589 2032 treugae
1617 1985 1734 2033 quas
1759 1969 1847 2016 ha·

436 2046 579 2095 bebat
613 2046 862 2122 Edoardus
898 2062 1008 2093 cum
1031 2049 1322 2092 Francorum
1362 2062 1497 2110 rege,
1531 2045 1619 2093 sibi
1653 2047 1848 2111 quidem

438 2123 619 2183 faustae‚
647 2122 940 2169 Henricianis
963 2138 1076 2169 vero
1105 2122 1233 2169 exitii
1261 2131 1404 2186 atque
1432 2123 1698 2170 exterminii
1735 2139 1848 2170 cau-

437 2216 540 2247 sam
557 2200 900 2266 praestiterunt,
934 2199 1001 2245 sic
1022 2215 1107 2262 per
1121 2198 1417 2246 Ludovicum
1435 2199 1598 2263 adjuto
1621 2201 1846 2259 Henrico,

438 2277 730 2325 consobrino
763 2292 851 2324 suo
866 2313 878 2337 ,
913 2276 991 2322 cui
1025 2275 1168 2341 paulo
1192 2286 1301 2324 ante
1323 2286 1455 2326 tanta
1476 2294 1527 2325 se
1543 2277 1716 2326 auxilia
1737 2294 1849 2343 prae-

496 2419 533 2454 1.
564 2419 774 2467 Recepisset
791 2415 886 2454 dans
904 2415 940 2454 le
963 2428 1034 2453 ms.

494 2479 534 2516 2.
565 2480 619 2516 La
643 2476 832 2529 premiere
858 2477 986 2522 treve,
1013 2475 1172 2513 conclue
1199 2477 1221 2512 a
1245 2475 1365 2526 pat-tir
1389 2475 1442 2514 du
1466 2478 1517 2515 20
1544 2476 1700 2515 octobre
1725 2479 1848 2525 1463,

440 2549 542 2589 pour
555 2536 672 2575 durer
679 2537 860 2587 jusqu’au
878 2538 928 2573 1ετ
941 2534 1096 2573 octobre
1109 2536 1228 2582 1464,
1242 2547 1292 2572 ne
1308 2536 1527 2573 concernait
1542 2549 1618 2587 que
1633 2536 1688 2574 les
1698 2549 1852 2589 aggres-

441 2595 543 2634 sions
565 2609 635 2648 par
655 2604 777 2642 terre;
803 2594 877 2633 elle
893 2594 949 2633 fut
968 2593 1132 2632 etendue
1151 2595 1172 2630 ἐι
1194 2593 1231 2631 la
1250 2606 1332 2631 mer
1353 2594 1488 2646 depuis
1509 2596 1545 2633 le
1564 2597 1615 2634 20
1636 2596 1712 2634 mai
1730 2597 1847 2634 1464.

440 2657 599 2707 Rymer,
616 2657 793 2705 Foedera,
813 2662 905 2699 etc.,
926 2661 953 2692 t.
975 2656 1047 2701 XI,
1068 2667 1107 2704 p.
1132 2654 1231 2699 508,
1252 2661 1290 2690 et
1311 2653 1471 2706 Lenglet
1488 2654 1722 2705 Dusresnoy,
1741 2655 1852 2694 Com-

442 2720 575 2762 mines,
597 2723 623 2754 t.
645 2718 703 2764 ΙΙ,
727 2729 766 2767 p.
788 2717 880 2753 414.
1820 2724 1825 2726 ‘

497 2776 535 2813 3.
565 2777 830 2824 Nonnullaque
847 2773 940 2811 dans
957 2771 994 2810 le
1012 2784 1084 2809 ms.

499 2838 537 2874 4.
567 2837 601 2872 Α
619 2833 942 2887 Hedgley-Moor,
964 2835 1015 2871 25
1034 2832 1130 2871 avril
1152 2835 1271 2871 1464.
