2054 3470
388 299 463 335 176
750 299 1090 337 HISTORIARUM
1117 299 1355 338 LUDOVICI
1381 301 1440 337 XI

385 384 564 448 pestive
581 385 940 448 Burgundiones
966 385 1216 450 providere
1235 386 1499 451 potuissent
1520 386 1654 449 quin,
1682 387 1799 435 mul-

386 461 446 507 tis
475 478 524 508 se
554 461 839 513 dedentibus
869 463 1135 510 civitatibus
1162 474 1207 510 et
1236 462 1426 527 oppidis
1452 463 1584 527 (quae
1616 463 1678 511 ad
1703 463 1798 511 hoc

387 534 657 584 faciendum
680 538 791 584 satis
813 538 1080 585 voluntaria
1108 539 1307 602 erant)¹‚
1341 555 1491 602 usque
1520 538 1581 586 ad
1609 538 1726 586 fines
1753 549 1801 586 et

387 615 617 661 terminos
648 614 879 662 Flandriae
913 615 1093 679 absque
1128 632 1302 678 magno
1335 616 1526 679 negotio
1560 626 1801 680 penetras-

387 702 472 740 set.
523 692 667 749 Quod
710 691 1007 750 evidentius,
1053 694 1256 740 emensis
1292 692 1495 740 subinde
1533 691 1684 741 tribus
1719 704 1802 741 aut

386 779 593 833 quatuor
633 769 771 816 annis
813 768 1011 828 enituit,
1060 785 1170 816 cum
1214 769 1552 817 Ambianenses
1589 770 1716 817 cives
1753 780 1802 818 et

386 846 799 906 Sancti—Quintini‚
822 846 1015 892 nemine
1031 862 1114 892 eos
1129 846 1190 893 ad
1208 846 1300 893 hoc
1314 847 1412 894 ullo
1428 857 1568 912 pacto
1584 858 1796 912 urgente,
1859 872 1864 876 ·

385 923 652 970 voluntarie
678 939 780 969 sese
809 922 1113 969 dediderunt.
1147 923 1291 980 Quod
1318 924 1358 970 si
1383 933 1498 971 tunc
1519 924 1581 972 ad
1607 926 1800 972 restrin-

387 1000 598 1063 gendum
614 1000 706 1046 tale
722 1000 1008 1064 periculum,
1029 999 1335 1046 Eburonibus
1351 1016 1378 1047 a
1394 1010 1527 1065 tergo
1545 1001 1797 1062 derelictis,

386 1078 625 1142 principes
647 1076 1044 1139 Burgundionum
1062 1093 1170 1122 cum
1188 1077 1284 1123 suis
1299 1077 1450 1141 copiis
1465 1079 1796 1137 accurrissent,

386 1170 486 1201 non
509 1163 579 1200 est
601 1153 735 1200 facile
758 1153 888 1200 dictu
913 1170 1024 1200 cum
1042 1163 1221 1217 quanta
1239 1154 1413 1200 saevitia
1441 1154 1530 1218 ipsi
1554 1153 1802 1202 Eburones

388 1230 715 1290 Brabantiam,
746 1232 1059 1287 Namurcum,
1091 1231 1395 1277 Hannoniam
1422 1225 1664 1296 te‘rrasque
1685 1233 1801 1280 vici-

386 1325 471 1356 nas
507 1307 760 1366 incendiis,
799 1307 1006 1354 caedibus
1048 1317 1190 1372 atque
1221 1309 1400 1372 rapinis
1439 1309 1804 1374 complevissent

387 1396 435 1434 et
454 1395 734 1433 vastassent.

454 1467 561 1510 Non
585 1462 737 1510 multo
761 1479 874 1509 vero
898 1472 1006 1527 post
1028 1463 1349 1510 reversionem
1372 1479 1401 1510 a
1424 1463 1649 1523 Dinanto,
1674 1462 1806 1511 illus-

388 1541 471 1587 tris
486 1539 564 1586 ille
584 1539 846 1604 Philippus,
869 1540 1263 1602 Burgundionum
1282 1540 1397 1601 dux,
1414 1540 1698 1589 valefaciens
1712 1558 1807 1588 suae

388 1618 517 1664 dulci
540 1616 826 1675 Brabantiae‚
853 1633 964 1663 cum
984 1627 1224 1665 extremos
1246 1634 1343 1664 suae
1363 1617 1507 1681 hujus
1530 1618 1741 1666 mortalis
1761 1627 1809 1665 et

389 1694 668 1743 transitoriae
698 1694 803 1740 vitae
834 1695 1159 1759 propinquare
1190 1704 1408 1742 cerneret
1440 1694 1560 1754 dies,
1595 1712 1683 1760 per
1714 1694 1806 1742 flu-

388 1789 499 1819 men
539 1788 597 1818 ex
628 1771 842 1818 Brucella
870 1771 1189 1819 Machiliniam
1229 1782 1276 1819 et
1307 1782 1681 1836 consequenter,
1717 1788 1806 1837 per

389 1848 692 1908 Gandavum,
714 1848 959 1896 Insulense
979 1848 1251 1914 oppidum',
1277 1849 1360 1896 ubi
1382 1866 1523 1896 suum
1544 1860 1807 1897 extremum

389 2016 555 2055 l’auteur
574 2030 597 2055 a
614 2016 722 2069 parle
745 2015 833 2067 plus
851 2014 945 2052 haut
968 2014 1109 2053 etaient
1130 2015 1224 2056 dans
1246 2032 1291 2056 ce
1309 2018 1402 2067 but;
1421 2019 1518 2057 mais
1535 2020 1722 2071 quoiqu’il
1743 2022 1808 2060 etit

389 2078 475 2126 deja
492 2077 582 2116 bien
601 2077 669 2115 des
687 2076 806 2128 griefs
824 2083 957 2113 contre
973 2075 1010 2113 la
1027 2076 1173 2115 maison
1195 2077 1243 2116 de
1263 2081 1510 2131 Bourgogne‚
1530 2079 1559 2117 il
1574 2093 1624 2118 ne
1639 2081 1810 2120 trouvait

390 2150 458 2189 pas
474 2150 550 2188 que
567 2136 650 2175 cela
666 2136 723 2173 ffit
741 2148 845 2173 assez
861 2148 961 2186 pour
979 2135 1103 2173 servir
1118 2135 1297 2177 d'excuse
1315 2140 1337 2176 a
1354 2138 1393 2177 la
1405 2148 1567 2190 rupture
1586 2140 1680 2179 d'un
1698 2140 1808 2179 traite

391 2196 493 2234 aussi
515 2196 686 2234 solennel
705 2208 781 2246 que
799 2194 899 2233 celui
919 2195 968 2233 de
990 2196 1182 2235 Conflans.
1843 2196 1845 2198 ’

447 2259 485 2294 1.
515 2259 562 2293 Et
580 2255 681 2294 voici
700 2255 892 2306 pourquoi
911 2270 918 2292 :
947 2273 963 2289 «
985 2259 1040 2294 Le
1061 2265 1186 2296 comte
1213 2258 1261 2296 de
1286 2257 1522 2297 Charrollois
1540 2266 1664 2306 estant
1683 2261 1704 2297 ὲ
1728 2258 1808 2297 Pe-

393 2328 514 2354 ronne
527 2346 537 2363 ‚
558 2314 597 2352 la
617 2313 766 2365 gabelle
786 2313 833 2352 de
855 2314 929 2361 sel,
956 2314 1123 2365 laquelle
1148 2317 1174 2353 il
1194 2317 1298 2356 avoit
1317 2317 1389 2354 mis
1403 2316 1467 2365 jus
1487 2318 1508 2354 a
1527 2317 1651 2355 l'aller
1671 2331 1720 2356 en
1737 2330 1809 2355 son

393 2387 544 2426 voyage
574 2373 622 2411 de
654 2375 819 2421 France,
854 2373 1003 2411 l’annee
1034 2373 1196 2425 devant,
1230 2378 1251 2413 ὸ
1283 2375 1478 2424 Peronne,
1508 2376 1742 2415 Montdidier
1771 2385 1811 2415 et

393 2436 522 2484 Roye,
544 2441 581 2470 et
602 2432 746 2482 promis
765 2431 812 2469 de
838 2431 873 2469 le
894 2445 973 2469 non
999 2432 1138 2480 jamais
1159 2434 1253 2472 faire
1272 2434 1443 2481 cueillir,
1464 2434 1491 2471 il
1515 2436 1647 2474 remist
1665 2449 1750 2484 sus;
1773 2443 1811 2474 et

394 2505 557 2532 mesmes
576 2492 641 2529 seit
660 2491 853 2529 recueillir
871 2491 926 2529 les
946 2492 1160 2544 ari-eraiges
1183 2493 1302 2545 d’ung
1320 2506 1385 2541 an,
1406 2506 1482 2544 que
1501 2493 1640 2532 ladicte
1661 2494 1811 2547 gabelle

393 2551 541 2590 n’avoit
560 2550 669 2602 point
687 2563 823 2588 couru.
850 2551 1037 2601 Laquelle
1057 2551 1173 2590 chose
1193 2552 1260 2590 feit
1287 2553 1429 2604 perdre
1453 2567 1503 2591 au
1529 2554 1670 2605 peuple
1698 2555 1811 2607 espe-

396 2623 510 2650 rance
537 2623 612 2661 que
640 2610 688 2646 ilz
717 2610 873 2647 avoient
899 2623 948 2647 en
968 2610 1049 2656 lui;
1071 2620 1109 2648 et
1133 2625 1203 2662 par
1228 2612 1415 2664 especial,
1437 2613 1463 2651 il
1486 2613 1543 2651 fut
1562 2613 1616 2652 du
1633 2623 1716 2653 tout
1734 2614 1811 2653 mal

397 2670 445 2709 de
469 2670 583 2708 ceulx
607 2669 797 2708 desdictes
829 2678 950 2707 terres
981 2672 1032 2708 οὐ
1059 2670 1098 2708 la
1124 2671 1274 2722 gabelle
1300 2673 1474 2722 couroit,
1495 2682 1534 2711 et
1559 2687 1631 2725 par
1651 2682 1737 2714 tous
1756 2674 1817 2712 les‘

396 2743 492 2781 pays
510 2729 725 2780 racheptez.
750 2745 767 2762 π
790 2731 826 2766 J.
848 2728 1062 2779 Duclercq,
1086 2732 1304 2780 Me'moires,
1329 2732 1355 2771 l.
1377 2734 1426 2780 V,
1451 2746 1487 2773 c.
1508 2746 1603 2770 Lvn.

450 2791 489 2827 2.
519 2790 580 2827 On
597 2801 647 2826 ne
669 2787 882 2839 s'explique
901 2800 970 2839 pas
993 2800 1070 2838 que
1093 2787 1130 2827 le
1158 2789 1232 2828 duc
1262 2790 1416 2842 aitrpris
1441 2804 1513 2843 par
1533 2790 1694 2830 Malines
1710 2803 1811 2844 pour
