2054 3470
746 335 889 374 LIBER
926 333 1147 371 TERTIUS.
1578 334 1654 371 223

729 559 1069 605 CAPtTULUM
1103 560 1160 604 ΙΙ.

243 699 296 735 De
310 695 462 734 amicitia
476 694 660 730 conciliata
675 706 740 741 per
759 693 979 727 Francorum
993 704 1127 738 regem,
1144 691 1238 727 inter
1254 692 1502 738 Margaretam‚
1523 693 1656 739 Anglo-

289 763 370 786 rum
395 749 572 796 reginam,
594 756 627 784 et
650 749 724 795 ejus
748 748 880 791 filium,
901 755 936 782 et
963 747 1126 782 comitem
1153 744 1198 780 de
1227 746 1401 785 lVarvicle5
1424 753 1458 780 et
1478 745 1523 780 de
1546 746 1657 793 ipsius

290 803 426 839 comitis
440 802 588 851 rapinis,
607 810 641 836 et
658 802 764 837 classe
780 810 904 836 contra
921 813 1002 836 eum
1019 800 1187 835 instructa
1202 811 1266 846 per
1281 798 1409 833 ducem
1424 798 1654 847 Burgundiae.

255 912 257 914 ⁵
307 925 390 971 His
421 923 564 987 igitur
588 921 791 970 libenter
818 930 865 967 et
889 919 1179 984 gratulanter
1209 935 1294 984 per
1325 935 1485 982 regem
1510 921 1655 966 Fran-

240 1018 408 1052 corum
445 999 720 1061 intellectis,
757 999 913 1046 statim
949 999 1009 1046 ad
1046 1015 1095 1045 se
1132 997 1375 1063 praefatam
1409 997 1657 1045 dominam

240 1082 551 1144 Margaretam
574 1094 687 1124 cum
713 1077 814 1141 ejus
848 1075 973 1134 filio,
1010 1076 1093 1140 qui
1118 1076 1217 1140 jam
1241 1091 1394 1122 annos
1417 1075 1576 1140 plures
1608 1075 1656 1122 in

241 1157 417 1205 ducatu
441 1154 658 1203 Barrensi
673 1191 684 1211 ‚
713 1164 838 1201 terra
863 1153 1089 1216 genitoris
1111 1153 1202 1213 sui,
1225 1152 1392 1199 Siciliae
1414 1153 1552 1216 regis,
1579 1151 1661 1199 de-

240 1234 486 1294 lituerant,
529 1231 748 1279 accersiri
789 1231 914 1279 fecit.
953 1231 1046 1288 Qui
1081 1230 1181 1294 ejus
1212 1240 1434 1295 parentes
1452 1229 1660 1293 jussibus

245 1313 422 1376 (neque
444 1311 571 1358 enim
595 1309 730 1356 aliter
748 1309 815 1356 eis
833 1325 970 1372 agere
992 1308 1217 1371 licuisset)
1242 1307 1303 1355 ad
1323 1308 1503 1354 curiam
1524 1323 1660 1354 suam

244 1398 560 1438 accesserunt.
600 1391 708 1446 Quo
733 1405 844 1435 cum
867 1387 1128 1444 venissent,
1156 1387 1499 1434 interveniente
1521 1402 1579 1433 eo
1605 1402 1661 1434 ac

245 1467 509 1527 mediante,
559 1466 619 1514 de
655 1465 831 1513 foedere
867 1474 914 1512 et
948 1465 1154 1511 amicitia
1190 1465 1337 1529 ipsius
1375 1464 1563 1510 comitis
1601 1464 1662 1511 de

251 1550 321 1593 W
317 1544 476 1592 ιιι-νιέΙι
501 1561 611 1591 cum
643 1544 709 1590 eis
732 1543 1041 1608 copulandis,
1068 1541 1404 1605 donandisque
1428 1551 1474 1588 et
1494 1542 1662 1588 remit-

247 1621 404 1670 tendis
433 1621 649 1686 priorum
684 1630 958 1685 temporum
980 1619 1186 1682 injuriis,
1213 1627 1438 1665 tractatus
1462 1634 1662 1683 magnus

249 1698 440 1746 habitus
461 1708 530 1745 est
546 1700 574 1744 ¹.

311 1777 368 1821 Et
391 1784 491 1821 erat
512 1773 709 1838 quidem
732 1773 897 1837 regina
917 1773 1020 1838 ipsa
1041 1775 1302 1836 Margareta
1327 1788 1426 1819 non
1447 1772 1592 1820 facilis
1613 1782 1663 1820 ut

245 1851 307 1900 ad
342 1851 484 1899 talem
506 1851 945 1898 reconciliationem
969 1850 1142 1897 adduci
1165 1860 1354 1916 posset;
1388 1851 1465 1898 cui
1485 1851 1663 1916 quippe

246 1938 317 1976 tot
352 1938 547 1993 tamque
587 1937 771 1993 turpes,
803 1927 1002 1975 infames
1025 1938 1168 1992 atque
1188 1928 1447 1993 probrosas
1469 1929 1664 1993 injurias

246 2007 346 2071 ipse
370 2006 580 2072 perfidus
609 2005 835 2053 Warvz'clc
859 2005 1112 2065 intulisset,
1139 2005 1378 2070 vulgoque
1400 2023 1486 2070 per
1509 2016 1662 2053 totum

249 2083 421 2147 Angtiae
467 2099 668 2147 regnum
702 2083 998 2130 disseminari
1035 2082 1246 2143 fecerat²,
1288 2092 1342 2129 ut
1379 2099 1664 2147 generosum

248 2169 387 2208 tanlae
405 2161 612 2208 dominae
632 2171 796 2226 pectus
818 2160 912 2207 ulla
938 2176 1151 2224 uuquam
1175 2159 1421 2208 oblivione
1445 2170 1664 2208 excutere

250 2253 327 2285 eas
349 2255 486 2303 posse
506 2255 606 2285 non
628 2247 891 2302 putaretur.
914 2237 1007 2285 Sed
1029 2237 1340 2285 nihilominus
1354 2276 1366 2300 ‚
1392 2239 1666 2286 interventu

251 2317 540 2363 Francorum
571 2316 718 2379 regis,
753 2325 939 2363 tantum
978 2315 1042 2363 ad
1082 2331 1190 2363 eam
1229 2315 1663 2364 reconciliationem

305 2473 344 2508 1.
374 2470 504 2509 Juillet
527 2473 644 2509 1470.

305 2532 344 2568 2.
377 2547 397 2565 α
416 2531 587 2581 Warvvyc
608 2530 739 2569 l’avoit
760 2531 827 2568 fait
844 2530 1042 2582 preschier
1063 2530 1119 2579 (le
1140 2531 1274 2583 prince
1294 2532 1342 2571 de
1360 2532 1507 2581 Galles)
1531 2531 1666 2584 publi-

252 2597 432 2640 quement
458 2590 479 2626 Ξι
504 2589 697 2638 Londres,
729 2599 767 2628 et
795 2603 840 2627 en
868 2590 1052 2641 presence
1081 2589 1130 2628 de
1156 2590 1192 2628 la
1221 2592 1346 2638 mere,
1377 2599 1569 2629 comment
1594 2589 1668 2628 elle

254 2648 364 2688 estoit
382 2647 519 2686 femme
542 2648 696 2687 ahontie
721 2649 769 2688 de
794 2662 864 2687 son
884 2662 1017 2700 corps3
1037 2658 1075 2687 et
1097 2663 1173 2700 que
1197 2650 1357 2688 l’ensaut
1377 2650 1519 2701 qu’elle
1543 2648 1668 2686 saisoit

253 2709 420 2748 accroire
440 2716 539 2746 estre
556 2709 614 2747 fils
633 2709 686 2748 du
703 2723 775 2760 roy
789 2712 939 2760 Henry,
961 2711 1072 2748 estoit
1087 2724 1166 2762 ung
1182 2711 1333 2750 enssant
1349 2711 1397 2749 de
1415 2709 1666 2757 sornicacion,

254 2768 455 2820 emprunte
473 2780 522 2805 en
539 2768 672 2819 pechie
691 2783 785 2808 avec
801 2783 881 2822 ung
895 2767 962 2808 bas
978 2770 1147 2809 homme.
1165 2788 1184 2805 n
1203 2770 1448 2816 Chastellain‚
1472 2776 1570 2820 part.
1594 2770 1666 2816 111,

254 2827 316 2866 ch.
339 2841 423 2866 ccv.
