<?xml version="1.0" encoding="UTF-8"?>
<!DOCTYPE html PUBLIC "-//W3C//DTD XHTML 1.0 Transitional//EN"
    "http://www.w3.org/TR/xhtml1/DTD/xhtml1-transitional.dtd">
<html xmlns="http://www.w3.org/1999/xhtml" xml:lang="en" lang="en">
 <head>
  <title>
</title>
<meta http-equiv="Content-Type" content="text/html;charset=utf-8" />
  <meta name='ocr-system' content='tesseract 3.04.00' />
  <meta name='ocr-capabilities' content='ocr_page ocr_carea ocr_par ocr_line ocrx_word'/>
</head>
<body>
  <div class='ocr_page' id='page_1' title='image "./histoiredesrgn02basiuoft_0498.png"; bbox 0 0 2054 3470; ppageno 0'>
   <div class='ocr_carea' id='block_1_1' title="bbox 396 362 1450 401">
    <p class='ocr_par' dir='ltr' id='par_1_1' title="bbox 396 362 1450 401">
     <span class='ocr_line' id='line_1_1' title="bbox 396 362 1450 401; baseline 0.002 -3"><span class='ocrx_word' id='word_1_1' title='bbox 396 363 472 398; x_wconf 72' lang='lat'>414</span> <span class='ocrx_word' id='word_1_2' title='bbox 760 363 1102 401; x_wconf 84' lang='lat' dir='ltr'>HISTORIARUM</span> <span class='ocrx_word' id='word_1_3' title='bbox 1130 362 1367 400; x_wconf 90' lang='lat' dir='ltr'>LUDOVICI</span> <span class='ocrx_word' id='word_1_4' title='bbox 1394 364 1450 400; x_wconf 89' lang='lat' dir='ltr'>XI</span> 
     </span>
    </p>
   </div>
   <div class='ocr_carea' id='block_1_2' title="bbox 854 547 1341 594">
    <p class='ocr_par' dir='ltr' id='par_1_2' title="bbox 854 547 1341 594">
     <span class='ocr_line' id='line_1_2' title="bbox 854 547 1341 594; baseline -0.002 -1"><span class='ocrx_word' id='word_1_5' title='bbox 854 547 1195 594; x_wconf 89' lang='lat' dir='ltr'><strong>CAPITULUM</strong></span> <span class='ocrx_word' id='word_1_6' title='bbox 1240 547 1341 592; x_wconf 82' lang='lat' dir='ltr'><strong>XII.</strong></span> 
     </span>
    </p>
   </div>
   <div class='ocr_carea' id='block_1_3' title="bbox 582 670 1620 758">
    <p class='ocr_par' dir='ltr' id='par_1_3' title="bbox 582 670 1620 758">
     <span class='ocr_line' id='line_1_3' title="bbox 582 670 1620 718; baseline -0.001 -14"><span class='ocrx_word' id='word_1_7' title='bbox 582 672 634 704; x_wconf 87' lang='lat' dir='ltr'>De</span> <span class='ocrx_word' id='word_1_8' title='bbox 654 671 914 718; x_wconf 85' lang='lat' dir='ltr'>expugnatione</span> <span class='ocrx_word' id='word_1_9' title='bbox 933 670 1230 718; x_wconf 84' lang='lat' dir='ltr'>Burgundionum</span> <span class='ocrx_word' id='word_1_10' title='bbox 1255 682 1367 716; x_wconf 88' lang='lat' dir='ltr'>prope</span> <span class='ocrx_word' id='word_1_11' title='bbox 1390 670 1598 718; x_wconf 82' lang='lat' dir='ltr'>Nanceyum</span> <span class='ocrx_word' id='word_1_12' title='bbox 1609 697 1620 715; x_wconf 92' lang='lat'>,</span> 
     </span>
     <span class='ocr_line' id='line_1_4' title="bbox 895 723 1310 758; baseline -0.002 0"><span class='ocrx_word' id='word_1_13' title='bbox 895 733 929 758; x_wconf 90' lang='lat' dir='ltr'>et</span> <span class='ocrx_word' id='word_1_14' title='bbox 945 723 1040 758; x_wconf 87' lang='lat' dir='ltr'>caede</span> <span class='ocrx_word' id='word_1_15' title='bbox 1055 723 1156 758; x_wconf 89' lang='lat' dir='ltr'>ducis</span> <span class='ocrx_word' id='word_1_16' title='bbox 1172 735 1310 758; x_wconf 87' lang='lat' dir='ltr'>eorum.</span> 
     </span>
    </p>
   </div>
   <div class='ocr_carea' id='block_1_4' title="bbox 389 842 1850 2927">
    <p class='ocr_par' dir='ltr' id='par_1_4' title="bbox 389 842 1813 2210">
     <span class='ocr_line' id='line_1_5' title="bbox 459 842 1809 906; baseline 0.001 -16"><span class='ocrx_word' id='word_1_17' title='bbox 459 843 552 891; x_wconf 87' lang='lat' dir='ltr'>Sed</span> <span class='ocrx_word' id='word_1_18' title='bbox 586 860 686 890; x_wconf 91' lang='lat' dir='ltr'>non</span> <span class='ocrx_word' id='word_1_19' title='bbox 716 860 775 890; x_wconf 89' lang='lat' dir='ltr'>eo</span> <span class='ocrx_word' id='word_1_20' title='bbox 805 844 963 890; x_wconf 91' lang='lat' dir='ltr'>minus</span> <span class='ocrx_word' id='word_1_21' title='bbox 995 843 1391 906; x_wconf 86' lang='lat' dir='ltr'>Burgundionum</span> <span class='ocrx_word' id='word_1_22' title='bbox 1419 842 1541 902; x_wconf 86' lang='lat' dir='ltr'>dux,</span> <span class='ocrx_word' id='word_1_23' title='bbox 1571 842 1683 890; x_wconf 85' lang='lat' dir='ltr'>talia</span> <span class='ocrx_word' id='word_1_24' title='bbox 1709 859 1809 891; x_wconf 88' lang='lat' dir='ltr'>non</span> 
     </span>
     <span class='ocr_line' id='line_1_6' title="bbox 392 919 1812 984; baseline -0.001 -16"><span class='ocrx_word' id='word_1_25' title='bbox 392 922 636 984; x_wconf 87' lang='lat' dir='ltr'>ignorans,</span> <span class='ocrx_word' id='word_1_26' title='bbox 655 922 704 967; x_wconf 91' lang='lat' dir='ltr'>in</span> <span class='ocrx_word' id='word_1_27' title='bbox 724 936 809 967; x_wconf 90' lang='lat' dir='ltr'>sua</span> <span class='ocrx_word' id='word_1_28' title='bbox 828 920 1080 967; x_wconf 83' lang='lat' dir='ltr'>obsidione</span> <span class='ocrx_word' id='word_1_29' title='bbox 1105 919 1347 977; x_wconf 85' lang='lat' dir='ltr'>manebat,</span> <span class='ocrx_word' id='word_1_30' title='bbox 1367 920 1503 984; x_wconf 81' lang='lat' dir='ltr'>quasi</span> <span class='ocrx_word' id='word_1_31' title='bbox 1523 929 1680 967; x_wconf 87' lang='lat' dir='ltr'>certus</span> <span class='ocrx_word' id='word_1_32' title='bbox 1698 921 1812 967; x_wconf 87' lang='lat' dir='ltr'>exsi-</span> 
     </span>
     <span class='ocr_line' id='line_1_7' title="bbox 393 996 1810 1061; baseline -0.001 -16"><span class='ocrx_word' id='word_1_33' title='bbox 393 1007 535 1045; x_wconf 87' lang='lat' dir='ltr'><strong>steret</strong></span> <span class='ocrx_word' id='word_1_34' title='bbox 555 997 616 1045; x_wconf 92' lang='lat' dir='ltr'>ab</span> <span class='ocrx_word' id='word_1_35' title='bbox 632 997 910 1061; x_wconf 91' lang='lat' dir='ltr'>hujusmodi</span> <span class='ocrx_word' id='word_1_36' title='bbox 931 997 1143 1058; x_wconf 87' lang='lat' dir='ltr'>Francis,</span> <span class='ocrx_word' id='word_1_37' title='bbox 1165 996 1228 1044; x_wconf 92' lang='lat' dir='ltr'>ob</span> <span class='ocrx_word' id='word_1_38' title='bbox 1250 997 1391 1044; x_wconf 85' lang='lat' dir='ltr'>initas</span> <span class='ocrx_word' id='word_1_39' title='bbox 1410 1006 1458 1044; x_wconf 93' lang='lat' dir='ltr'>et</span> <span class='ocrx_word' id='word_1_40' title='bbox 1476 1006 1810 1061; x_wconf 80' lang='lat' dir='ltr'>procurrentes</span> 
     </span>
     <span class='ocr_line' id='line_1_8' title="bbox 393 1073 1811 1141; baseline -0.001 -18"><span class='ocrx_word' id='word_1_41' title='bbox 393 1086 579 1139; x_wconf 85' lang='lat' dir='ltr'>treugas</span> <span class='ocrx_word' id='word_1_42' title='bbox 600 1085 763 1141; x_wconf 85' lang='lat' dir='ltr'>pactas</span> <span class='ocrx_word' id='word_1_43' title='bbox 789 1076 912 1122; x_wconf 89' lang='lat' dir='ltr'>inter</span> <span class='ocrx_word' id='word_1_44' title='bbox 933 1092 1096 1139; x_wconf 88' lang='lat' dir='ltr'>regem</span> <span class='ocrx_word' id='word_1_45' title='bbox 1118 1087 1166 1121; x_wconf 90' lang='lat' dir='ltr'>et</span> <span class='ocrx_word' id='word_1_46' title='bbox 1186 1075 1366 1139; x_wconf 91' lang='lat' dir='ltr'>ipsum,</span> <span class='ocrx_word' id='word_1_47' title='bbox 1393 1074 1582 1121; x_wconf 87' lang='lat' dir='ltr'>nullum</span> <span class='ocrx_word' id='word_1_48' title='bbox 1602 1073 1693 1122; x_wconf 88' lang='lat' dir='ltr'>sibi</span> <span class='ocrx_word' id='word_1_49' title='bbox 1717 1074 1811 1122; x_wconf 89' lang='lat' dir='ltr'>dis-</span> 
     </span>
     <span class='ocr_line' id='line_1_9' title="bbox 392 1152 1809 1218; baseline -0.001 -17"><span class='ocrx_word' id='word_1_50' title='bbox 392 1155 572 1201; x_wconf 87' lang='lat' dir='ltr'>crimen</span> <span class='ocrx_word' id='word_1_51' title='bbox 612 1154 880 1201; x_wconf 88' lang='lat' dir='ltr'>imminere.</span> <span class='ocrx_word' id='word_1_52' title='bbox 916 1156 1096 1201; x_wconf 89' lang='lat' dir='ltr'>Verum</span> <span class='ocrx_word' id='word_1_53' title='bbox 1134 1152 1270 1217; x_wconf 91' lang='lat' dir='ltr'>quod</span> <span class='ocrx_word' id='word_1_54' title='bbox 1306 1152 1369 1200; x_wconf 89' lang='lat' dir='ltr'>ad</span> <span class='ocrx_word' id='word_1_55' title='bbox 1410 1153 1809 1218; x_wconf 86' lang='lat' dir='ltr'>expugnationem</span> 
     </span>
     <span class='ocr_line' id='line_1_10' title="bbox 391 1231 1811 1296; baseline -0.001 -19"><span class='ocrx_word' id='word_1_56' title='bbox 391 1231 560 1296; x_wconf 90' lang='lat' dir='ltr'>oppidi</span> <span class='ocrx_word' id='word_1_57' title='bbox 575 1231 754 1279; x_wconf 90' lang='lat' dir='ltr'>obsessi</span> <span class='ocrx_word' id='word_1_58' title='bbox 767 1231 949 1296; x_wconf 88' lang='lat' dir='ltr'>aliquid</span> <span class='ocrx_word' id='word_1_59' title='bbox 964 1231 1205 1295; x_wconf 88' lang='lat' dir='ltr'>egregium</span> <span class='ocrx_word' id='word_1_60' title='bbox 1221 1239 1303 1277; x_wconf 89' lang='lat' dir='ltr'>aut</span> <span class='ocrx_word' id='word_1_61' title='bbox 1317 1239 1647 1295; x_wconf 90' lang='lat' dir='ltr'>opportunum</span> <span class='ocrx_word' id='word_1_62' title='bbox 1666 1239 1811 1276; x_wconf 86' lang='lat' dir='ltr'>atten-</span> 
     </span>
     <span class='ocr_line' id='line_1_11' title="bbox 391 1307 1812 1373; baseline 0 -18"><span class='ocrx_word' id='word_1_63' title='bbox 391 1317 534 1367; x_wconf 87' lang='lat' dir='ltr'>taret,</span> <span class='ocrx_word' id='word_1_64' title='bbox 562 1309 752 1372; x_wconf 88' lang='lat' dir='ltr'>penitus</span> <span class='ocrx_word' id='word_1_65' title='bbox 775 1325 875 1354; x_wconf 93' lang='lat' dir='ltr'>non</span> <span class='ocrx_word' id='word_1_66' title='bbox 898 1307 1179 1373; x_wconf 83' lang='lat' dir='ltr'>apparebat,</span> <span class='ocrx_word' id='word_1_67' title='bbox 1207 1308 1316 1354; x_wconf 90' lang='lat' dir='ltr'>licet</span> <span class='ocrx_word' id='word_1_68' title='bbox 1336 1307 1604 1354; x_wconf 85' lang='lat' dir='ltr'>incredibili</span> <span class='ocrx_word' id='word_1_69' title='bbox 1625 1307 1812 1355; x_wconf 87' lang='lat' dir='ltr'>miseria</span> 
     </span>
     <span class='ocr_line' id='line_1_12' title="bbox 391 1384 1810 1450; baseline 0 -17"><span class='ocrx_word' id='word_1_70' title='bbox 391 1403 527 1447; x_wconf 88' lang='lat' dir='ltr'>suus,</span> <span class='ocrx_word' id='word_1_71' title='bbox 553 1388 623 1433; x_wconf 86' lang='lat' dir='ltr'>uti</span> <span class='ocrx_word' id='word_1_72' title='bbox 646 1386 873 1448; x_wconf 85' lang='lat' dir='ltr'>diximus,</span> <span class='ocrx_word' id='word_1_73' title='bbox 900 1387 1251 1433; x_wconf 88' lang='lat' dir='ltr'>excruciaretur</span> <span class='ocrx_word' id='word_1_74' title='bbox 1274 1384 1559 1450; x_wconf 89' lang='lat' dir='ltr'>[exercitus].</span> <span class='ocrx_word' id='word_1_75' title='bbox 1583 1386 1810 1433; x_wconf 90' lang='lat' dir='ltr'>Consule-</span> 
     </span>
     <span class='ocr_line' id='line_1_13' title="bbox 391 1461 1811 1528; baseline -0.001 -18"><span class='ocrx_word' id='word_1_76' title='bbox 391 1463 508 1511; x_wconf 80' lang='lat' dir='ltr'>bant</span> <span class='ocrx_word' id='word_1_77' title='bbox 527 1462 615 1510; x_wconf 89' lang='lat' dir='ltr'>sibi</span> <span class='ocrx_word' id='word_1_78' title='bbox 643 1464 967 1528; x_wconf 83' lang='lat' dir='ltr'>quamplures,</span> <span class='ocrx_word' id='word_1_79' title='bbox 994 1462 1272 1526; x_wconf 90' lang='lat' dir='ltr'>hujusmodi</span> <span class='ocrx_word' id='word_1_80' title='bbox 1298 1475 1459 1509; x_wconf 87' lang='lat' dir='ltr'>rerum</span> <span class='ocrx_word' id='word_1_81' title='bbox 1486 1461 1811 1510; x_wconf 87' lang='lat' dir='ltr'>difficultatem</span> 
     </span>
     <span class='ocr_line' id='line_1_14' title="bbox 391 1539 1811 1606; baseline 0 -18"><span class='ocrx_word' id='word_1_82' title='bbox 391 1551 438 1588; x_wconf 93' lang='lat' dir='ltr'>et</span> <span class='ocrx_word' id='word_1_83' title='bbox 450 1558 534 1588; x_wconf 89' lang='lat' dir='ltr'>sua</span> <span class='ocrx_word' id='word_1_84' title='bbox 548 1541 759 1606; x_wconf 88' lang='lat' dir='ltr'>pericula</span> <span class='ocrx_word' id='word_1_85' title='bbox 774 1541 1036 1606; x_wconf 85' lang='lat' dir='ltr'>prudenter</span> <span class='ocrx_word' id='word_1_86' title='bbox 1048 1541 1401 1605; x_wconf 80' lang='lat' dir='ltr'>permetientes,</span> <span class='ocrx_word' id='word_1_87' title='bbox 1419 1549 1471 1586; x_wconf 92' lang='lat' dir='ltr'>ut</span> <span class='ocrx_word' id='word_1_88' title='bbox 1483 1539 1544 1587; x_wconf 86' lang='lat' dir='ltr'>ab</span> <span class='ocrx_word' id='word_1_89' title='bbox 1559 1539 1811 1588; x_wconf 88' lang='lat' dir='ltr'>obsidione</span> 
     </span>
     <span class='ocr_line' id='line_1_15' title="bbox 391 1618 1813 1684; baseline -0.001 -17"><span class='ocrx_word' id='word_1_90' title='bbox 391 1619 452 1667; x_wconf 90' lang='lat' dir='ltr'>ad</span> <span class='ocrx_word' id='word_1_91' title='bbox 470 1630 661 1684; x_wconf 91' lang='lat' dir='ltr'>tempus</span> <span class='ocrx_word' id='word_1_92' title='bbox 682 1619 971 1679; x_wconf 89' lang='lat' dir='ltr'>discederet,</span> <span class='ocrx_word' id='word_1_93' title='bbox 999 1629 1142 1683; x_wconf 89' lang='lat' dir='ltr'>atque</span> <span class='ocrx_word' id='word_1_94' title='bbox 1161 1620 1211 1666; x_wconf 92' lang='lat' dir='ltr'>in</span> <span class='ocrx_word' id='word_1_95' title='bbox 1232 1619 1447 1666; x_wconf 90' lang='lat' dir='ltr'>hibernis</span> <span class='ocrx_word' id='word_1_96' title='bbox 1469 1618 1530 1665; x_wconf 85' lang='lat' dir='ltr'>ad</span> <span class='ocrx_word' id='word_1_97' title='bbox 1551 1619 1813 1666; x_wconf 88' lang='lat' dir='ltr'>refocillan-</span> 
     </span>
     <span class='ocr_line' id='line_1_16' title="bbox 390 1696 1811 1763; baseline -0.002 -17"><span class='ocrx_word' id='word_1_98' title='bbox 390 1699 480 1746; x_wconf 90' lang='lat' dir='ltr'>dos</span> <span class='ocrx_word' id='word_1_99' title='bbox 507 1715 621 1745; x_wconf 88' lang='lat' dir='ltr'>suos</span> <span class='ocrx_word' id='word_1_100' title='bbox 644 1698 818 1745; x_wconf 87' lang='lat' dir='ltr'>milites</span> <span class='ocrx_word' id='word_1_101' title='bbox 840 1699 1113 1746; x_wconf 88' lang='lat' dir='ltr'>collocaret.</span> <span class='ocrx_word' id='word_1_102' title='bbox 1147 1698 1240 1744; x_wconf 93' lang='lat' dir='ltr'>Sed</span> <span class='ocrx_word' id='word_1_103' title='bbox 1267 1698 1383 1763; x_wconf 90' lang='lat' dir='ltr'>ipse,</span> <span class='ocrx_word' id='word_1_104' title='bbox 1417 1697 1532 1745; x_wconf 86' lang='lat' dir='ltr'>tales</span> <span class='ocrx_word' id='word_1_105' title='bbox 1565 1696 1694 1744; x_wconf 87' lang='lat' dir='ltr'>velut</span> <span class='ocrx_word' id='word_1_106' title='bbox 1721 1697 1811 1743; x_wconf 94' lang='lat' dir='ltr'>ini-</span> 
     </span>
     <span class='ocr_line' id='line_1_17' title="bbox 389 1773 1812 1841; baseline -0.002 -18"><span class='ocrx_word' id='word_1_107' title='bbox 389 1777 540 1823; x_wconf 91' lang='lat' dir='ltr'>micos</span> <span class='ocrx_word' id='word_1_108' title='bbox 571 1785 800 1841; x_wconf 89' lang='lat' dir='ltr'>reputans</span> <span class='ocrx_word' id='word_1_109' title='bbox 834 1785 917 1823; x_wconf 90' lang='lat' dir='ltr'>aut</span> <span class='ocrx_word' id='word_1_110' title='bbox 948 1776 1219 1841; x_wconf 88' lang='lat' dir='ltr'>proditores</span> <span class='ocrx_word' id='word_1_111' title='bbox 1253 1792 1336 1822; x_wconf 91' lang='lat' dir='ltr'>seu</span> <span class='ocrx_word' id='word_1_112' title='bbox 1367 1773 1601 1839; x_wconf 88' lang='lat' dir='ltr'>perfidos,</span> <span class='ocrx_word' id='word_1_113' title='bbox 1640 1773 1812 1821; x_wconf 86' lang='lat' dir='ltr'>talibus</span> 
     </span>
     <span class='ocr_line' id='line_1_18' title="bbox 391 1849 1805 1917; baseline -0.001 -19"><span class='ocrx_word' id='word_1_114' title='bbox 391 1853 516 1899; x_wconf 90' lang='lat' dir='ltr'>sanis</span> <span class='ocrx_word' id='word_1_115' title='bbox 561 1853 770 1900; x_wconf 88' lang='lat' dir='ltr'>consiliis</span> <span class='ocrx_word' id='word_1_116' title='bbox 815 1852 1087 1900; x_wconf 89' lang='lat' dir='ltr'>nullatenus</span> <span class='ocrx_word' id='word_1_117' title='bbox 1130 1851 1534 1917; x_wconf 88' lang='lat' dir='ltr'>acquiescendum</span> <span class='ocrx_word' id='word_1_118' title='bbox 1576 1849 1805 1911; x_wconf 81' lang='lat' dir='ltr'>ducebat3</span> 
     </span>
     <span class='ocr_line' id='line_1_19' title="bbox 390 1927 1811 1996; baseline -0.002 -19"><span class='ocrx_word' id='word_1_119' title='bbox 390 1931 507 1993; x_wconf 91' lang='lat' dir='ltr'>quin</span> <span class='ocrx_word' id='word_1_120' title='bbox 537 1932 697 1996; x_wconf 92' lang='lat' dir='ltr'>potius</span> <span class='ocrx_word' id='word_1_121' title='bbox 737 1931 946 1978; x_wconf 88' lang='lat' dir='ltr'>hostium</span> <span class='ocrx_word' id='word_1_122' title='bbox 985 1931 1246 1980; x_wconf 85' lang='lat' dir='ltr'>adventum</span> <span class='ocrx_word' id='word_1_123' title='bbox 1291 1940 1339 1977; x_wconf 88' lang='lat' dir='ltr'>et</span> <span class='ocrx_word' id='word_1_124' title='bbox 1366 1939 1606 1977; x_wconf 90' lang='lat' dir='ltr'>certamen</span> <span class='ocrx_word' id='word_1_125' title='bbox 1633 1927 1811 1974; x_wconf 85' lang='lat' dir='ltr'>habere</span> 
     </span>
     <span class='ocr_line' id='line_1_20' title="bbox 390 2003 1810 2072; baseline -0.003 -18"><span class='ocrx_word' id='word_1_126' title='bbox 390 2024 502 2054; x_wconf 91' lang='lat' dir='ltr'>cum</span> <span class='ocrx_word' id='word_1_127' title='bbox 526 2008 641 2072; x_wconf 91' lang='lat' dir='ltr'>ipsis</span> <span class='ocrx_word' id='word_1_128' title='bbox 665 2024 957 2072; x_wconf 83' lang='lat' dir='ltr'>magnopere</span> <span class='ocrx_word' id='word_1_129' title='bbox 985 2006 1261 2072; x_wconf 86' lang='lat' dir='ltr'>exoptabat.</span> <span class='ocrx_word' id='word_1_130' title='bbox 1291 2006 1384 2052; x_wconf 91' lang='lat' dir='ltr'>Sed</span> <span class='ocrx_word' id='word_1_131' title='bbox 1412 2015 1561 2066; x_wconf 90' lang='lat' dir='ltr'>certe,</span> <span class='ocrx_word' id='word_1_132' title='bbox 1590 2014 1642 2051; x_wconf 93' lang='lat' dir='ltr'>ut</span> <span class='ocrx_word' id='word_1_133' title='bbox 1665 2003 1810 2069; x_wconf 91' lang='lat' dir='ltr'>paulo</span> 
     </span>
     <span class='ocr_line' id='line_1_21' title="bbox 391 2081 1808 2150; baseline -0.002 -19"><span class='ocrx_word' id='word_1_134' title='bbox 391 2095 500 2148; x_wconf 92' lang='lat' dir='ltr'>post</span> <span class='ocrx_word' id='word_1_135' title='bbox 531 2086 711 2150; x_wconf 89' lang='lat' dir='ltr'>patuit,</span> <span class='ocrx_word' id='word_1_136' title='bbox 745 2095 875 2133; x_wconf 86' lang='lat' dir='ltr'>tanta</span> <span class='ocrx_word' id='word_1_137' title='bbox 907 2085 1072 2149; x_wconf 87' lang='lat' dir='ltr'>capitis</span> <span class='ocrx_word' id='word_1_138' title='bbox 1100 2084 1172 2131; x_wconf 93' lang='lat' dir='ltr'>sui</span> <span class='ocrx_word' id='word_1_139' title='bbox 1204 2083 1441 2131; x_wconf 89' lang='lat' dir='ltr'>temeritas</span> <span class='ocrx_word' id='word_1_140' title='bbox 1470 2081 1680 2147; x_wconf 86' lang='lat' dir='ltr'>pericula</span> <span class='ocrx_word' id='word_1_141' title='bbox 1709 2098 1808 2129; x_wconf 91' lang='lat' dir='ltr'>non</span> 
     </span>
     <span class='ocr_line' id='line_1_22' title="bbox 390 2172 555 2210; baseline 0 -2"><span class='ocrx_word' id='word_1_142' title='bbox 390 2172 555 2210; x_wconf 79' lang='lat' dir='ltr'>evasit.</span> 
     </span>
    </p>

    <p class='ocr_par' dir='ltr' id='par_1_5' title="bbox 390 2237 1850 2927">
     <span class='ocr_line' id='line_1_23' title="bbox 454 2237 1808 2304; baseline -0.004 -17"><span class='ocrx_word' id='word_1_143' title='bbox 454 2239 671 2287; x_wconf 82' lang='lat' dir='ltr'>Habebat</span> <span class='ocrx_word' id='word_1_144' title='bbox 698 2240 828 2286; x_wconf 91' lang='lat' dir='ltr'>enim</span> <span class='ocrx_word' id='word_1_145' title='bbox 858 2254 1054 2304; x_wconf 88' lang='lat' dir='ltr'>parvam</span> <span class='ocrx_word' id='word_1_146' title='bbox 1087 2237 1290 2285; x_wconf 89' lang='lat' dir='ltr'>militum</span> <span class='ocrx_word' id='word_1_147' title='bbox 1318 2253 1540 2296; x_wconf 90' lang='lat' dir='ltr'>manum,</span> <span class='ocrx_word' id='word_1_148' title='bbox 1574 2253 1680 2300; x_wconf 85' lang='lat' dir='ltr'>quae</span> <span class='ocrx_word' id='word_1_149' title='bbox 1708 2252 1808 2284; x_wconf 89' lang='lat' dir='ltr'>non</span> 
     </span>
     <span class='ocr_line' id='line_1_24' title="bbox 391 2314 1805 2380; baseline -0.005 -13"><span class='ocrx_word' id='word_1_150' title='bbox 391 2319 454 2367; x_wconf 86' lang='lat' dir='ltr'>ad</span> <span class='ocrx_word' id='word_1_151' title='bbox 477 2328 588 2366; x_wconf 91' lang='lat' dir='ltr'>octo</span> <span class='ocrx_word' id='word_1_152' title='bbox 613 2318 759 2365; x_wconf 89' lang='lat' dir='ltr'>millia</span> <span class='ocrx_word' id='word_1_153' title='bbox 781 2318 1013 2376; x_wconf 88' lang='lat' dir='ltr'>virorum,</span> <span class='ocrx_word' id='word_1_154' title='bbox 1036 2326 1134 2363; x_wconf 87' lang='lat' dir='ltr'>tam</span> <span class='ocrx_word' id='word_1_155' title='bbox 1161 2317 1378 2380; x_wconf 89' lang='lat' dir='ltr'>equitum</span> <span class='ocrx_word' id='word_1_156' title='bbox 1401 2331 1546 2379; x_wconf 89' lang='lat' dir='ltr'>quam</span> <span class='ocrx_word' id='word_1_157' title='bbox 1570 2314 1805 2380; x_wconf 85' lang='lat' dir='ltr'>peditum,</span> 
     </span>
     <span class='ocr_line' id='line_1_25' title="bbox 392 2392 1806 2462; baseline -0.005 -18"><span class='ocrx_word' id='word_1_158' title='bbox 392 2396 650 2462; x_wconf 86' lang='lat' dir='ltr'>putabatur</span> <span class='ocrx_word' id='word_1_159' title='bbox 689 2394 969 2454; x_wconf 82' lang='lat' dir='ltr'>ascendere3</span> <span class='ocrx_word' id='word_1_160' title='bbox 1004 2403 1146 2457; x_wconf 86' lang='lat' dir='ltr'>atque</span> <span class='ocrx_word' id='word_1_161' title='bbox 1178 2393 1393 2458; x_wconf 87' lang='lat' dir='ltr'>profecto</span> <span class='ocrx_word' id='word_1_162' title='bbox 1434 2392 1495 2438; x_wconf 90' lang='lat' dir='ltr'>ad</span> <span class='ocrx_word' id='word_1_163' title='bbox 1533 2407 1615 2437; x_wconf 91' lang='lat' dir='ltr'>eos</span> <span class='ocrx_word' id='word_1_164' title='bbox 1643 2392 1806 2455; x_wconf 90' lang='lat' dir='ltr'>oppri-</span> 
     </span>
     <span class='ocr_line' id='line_1_26' title="bbox 393 2468 1850 2530; baseline -0.004 -10"><span class='ocrx_word' id='word_1_165' title='bbox 393 2472 594 2519; x_wconf 90' lang='lat' dir='ltr'>mendos</span> <span class='ocrx_word' id='word_1_166' title='bbox 629 2471 826 2518; x_wconf 91' lang='lat' dir='ltr'>minime</span> <span class='ocrx_word' id='word_1_167' title='bbox 860 2471 1124 2517; x_wconf 87' lang='lat' dir='ltr'>necessaria</span> <span class='ocrx_word' id='word_1_168' title='bbox 1160 2480 1260 2517; x_wconf 89' lang='lat' dir='ltr'>erat</span> <span class='ocrx_word' id='word_1_169' title='bbox 1293 2468 1477 2515; x_wconf 89' lang='lat' dir='ltr'>hostilis</span> <span class='ocrx_word' id='word_1_170' title='bbox 1512 2468 1805 2530; x_wconf 86' lang='lat' dir='ltr'>congressio,</span> <span class='ocrx_word' id='word_1_171' title='bbox 1843 2503 1850 2508; x_wconf 90' lang='lat'>.</span> 
     </span>
     <span class='ocr_line' id='line_1_27' title="bbox 391 2544 1809 2613; baseline -0.006 -16"><span class='ocrx_word' id='word_1_172' title='bbox 391 2551 483 2597; x_wconf 89' lang='lat' dir='ltr'>nisi</span> <span class='ocrx_word' id='word_1_173' title='bbox 509 2549 773 2598; x_wconf 90' lang='lat' dir='ltr'>admodum</span> <span class='ocrx_word' id='word_1_174' title='bbox 798 2564 970 2613; x_wconf 88' lang='lat' dir='ltr'>parva,</span> <span class='ocrx_word' id='word_1_175' title='bbox 1002 2549 1086 2612; x_wconf 91' lang='lat' dir='ltr'>qui</span> <span class='ocrx_word' id='word_1_176' title='bbox 1115 2557 1160 2594; x_wconf 90' lang='lat' dir='ltr'>et</span> <span class='ocrx_word' id='word_1_177' title='bbox 1189 2545 1491 2593; x_wconf 89' lang='lat' dir='ltr'>inclementia</span> <span class='ocrx_word' id='word_1_178' title='bbox 1518 2544 1809 2607; x_wconf 68' lang='lat' dir='ltr'>rigidissimae</span> 
     </span>
     <span class='ocr_line' id='line_1_28' title="bbox 390 2620 1808 2689; baseline -0.006 -14"><span class='ocrx_word' id='word_1_179' title='bbox 390 2628 585 2687; x_wconf 90' lang='lat' dir='ltr'>hiemis,</span> <span class='ocrx_word' id='word_1_180' title='bbox 616 2637 662 2674; x_wconf 90' lang='lat' dir='ltr'>et</span> <span class='ocrx_word' id='word_1_181' title='bbox 690 2626 813 2673; x_wconf 86' lang='lat' dir='ltr'>fame</span> <span class='ocrx_word' id='word_1_182' title='bbox 840 2636 983 2689; x_wconf 89' lang='lat' dir='ltr'>atque</span> <span class='ocrx_word' id='word_1_183' title='bbox 1006 2625 1195 2689; x_wconf 89' lang='lat' dir='ltr'>inopia,</span> <span class='ocrx_word' id='word_1_184' title='bbox 1224 2624 1365 2670; x_wconf 90' lang='lat' dir='ltr'>variis</span> <span class='ocrx_word' id='word_1_185' title='bbox 1392 2622 1536 2669; x_wconf 83' lang='lat' dir='ltr'>etiam</span> <span class='ocrx_word' id='word_1_186' title='bbox 1559 2620 1740 2668; x_wconf 88' lang='lat' dir='ltr'>morbis</span> <span class='ocrx_word' id='word_1_187' title='bbox 1761 2630 1808 2668; x_wconf 90' lang='lat' dir='ltr'>et</span> 
     </span>
     <span class='ocr_line' id='line_1_29' title="bbox 391 2697 1807 2770; baseline -0.006 -19"><span class='ocrx_word' id='word_1_188' title='bbox 391 2704 701 2770; x_wconf 87' lang='lat' dir='ltr'>languoribus</span> <span class='ocrx_word' id='word_1_189' title='bbox 713 2704 813 2767; x_wconf 88' lang='lat' dir='ltr'>jam</span> <span class='ocrx_word' id='word_1_190' title='bbox 825 2719 958 2768; x_wconf 87' lang='lat' dir='ltr'>paene</span> <span class='ocrx_word' id='word_1_191' title='bbox 977 2702 1182 2749; x_wconf 88' lang='lat' dir='ltr'>confecti</span> <span class='ocrx_word' id='word_1_192' title='bbox 1195 2710 1242 2747; x_wconf 88' lang='lat' dir='ltr'>et</span> <span class='ocrx_word' id='word_1_193' title='bbox 1252 2701 1491 2748; x_wconf 88' lang='lat' dir='ltr'>exanimes</span> <span class='ocrx_word' id='word_1_194' title='bbox 1509 2707 1658 2745; x_wconf 86' lang='lat' dir='ltr'>erant.</span> <span class='ocrx_word' id='word_1_195' title='bbox 1674 2697 1807 2744; x_wconf 86' lang='lat' dir='ltr'>Adde</span> 
     </span>
     <span class='ocr_line' id='line_1_30' title="bbox 393 2776 1806 2850; baseline -0.008 -17"><span class='ocrx_word' id='word_1_196' title='bbox 393 2785 526 2850; x_wconf 92' lang='lat' dir='ltr'>quod</span> <span class='ocrx_word' id='word_1_197' title='bbox 550 2783 709 2850; x_wconf 88' lang='lat' dir='ltr'>plures</span> <span class='ocrx_word' id='word_1_198' title='bbox 739 2784 879 2831; x_wconf 87' lang='lat' dir='ltr'>etiam</span> <span class='ocrx_word' id='word_1_199' title='bbox 912 2791 1049 2829; x_wconf 87' lang='lat' dir='ltr'>erant</span> <span class='ocrx_word' id='word_1_200' title='bbox 1078 2783 1128 2828; x_wconf 92' lang='lat' dir='ltr'>in</span> <span class='ocrx_word' id='word_1_201' title='bbox 1156 2780 1321 2829; x_wconf 90' lang='lat' dir='ltr'>castris</span> <span class='ocrx_word' id='word_1_202' title='bbox 1346 2778 1436 2826; x_wconf 93' lang='lat' dir='ltr'>illis</span> <span class='ocrx_word' id='word_1_203' title='bbox 1463 2779 1693 2836; x_wconf 91' lang='lat' dir='ltr'>inermes,</span> <span class='ocrx_word' id='word_1_204' title='bbox 1724 2776 1806 2840; x_wconf 89' lang='lat' dir='ltr'>qui</span> 
     </span>
     <span class='ocr_line' id='line_1_31' title="bbox 396 2853 1807 2927; baseline -0.008 -17"><span class='ocrx_word' id='word_1_205' title='bbox 396 2863 467 2910; x_wconf 91' lang='lat' dir='ltr'>vel</span> <span class='ocrx_word' id='word_1_206' title='bbox 490 2879 620 2910; x_wconf 89' lang='lat' dir='ltr'>arma</span> <span class='ocrx_word' id='word_1_207' title='bbox 646 2878 734 2927; x_wconf 91' lang='lat' dir='ltr'>pro</span> <span class='ocrx_word' id='word_1_208' title='bbox 763 2860 944 2908; x_wconf 90' lang='lat' dir='ltr'>cibario</span> <span class='ocrx_word' id='word_1_209' title='bbox 967 2876 1091 2925; x_wconf 89' lang='lat' dir='ltr'>pane</span> <span class='ocrx_word' id='word_1_210' title='bbox 1118 2857 1457 2917; x_wconf 84' lang='lat' dir='ltr'>vendiderant,</span> <span class='ocrx_word' id='word_1_211' title='bbox 1484 2855 1554 2902; x_wconf 92' lang='lat' dir='ltr'>vel</span> <span class='ocrx_word' id='word_1_212' title='bbox 1582 2853 1807 2919; x_wconf 90' lang='lat' dir='ltr'>pecunias</span> 
     </span>
    </p>
   </div>
  </div>
 </body>
</html>
