2054 3470
686 322 834 360 LIBER
858 322 1129 360 SECUNDUS.
1541 325 1619 362 ¹39

210 421 314 469 talis
334 415 542 486 provisio
563 410 787 471 cuilibet,
812 410 888 458 vel
916 409 1122 458 tenuiter
1150 410 1378 474 sapienti,
1403 411 1620 460 inefficax

209 508 352 564 atque
371 491 547 544 inutilis
562 505 756 556 prorsus
776 487 996 536 facillime
1012 486 1164 534 videri
1183 496 1371 552 poterat
1383 524 1396 548 ,
1417 488 1621 554 imperio

208 591 266 625 ac
285 578 518 640 potestate
538 569 589 616 in
609 566 734 614 illius
751 583 898 614 manu
919 574 1230 631 permanente
1244 603 1256 625 ,
1278 566 1361 630 qui
1384 566 1547 614 omnia
1564 583 1621 614 ex

206 669 294 703 suo
314 649 527 719 pendere
547 646 738 694 volebat
762 645 960 693 arbitrio
979 680 991 704 ,
1019 643 1235 708 nihilque
1262 644 1469 710 amplius
1495 661 1622 693 exse-

208 729 442 783 crabatur
461 725 538 774 vel
576 740 775 772 exosum
808 721 1018 770 habebat
1060 738 1207 787 quam
1254 721 1388 786 quod
1424 721 1504 769 illa
1537 738 1623 770 sua

207 821 394 857 summa
419 812 630 870 potestas
663 801 901 866 aliquibus
933 801 1094 865 legum
1131 800 1207 847 vel
1229 799 1421 864 justitiae
1453 799 1624 848 mode-

207 893 389 935 raretur
410 881 556 930 frenis
579 898 590 927 ε
613 879 778 927 similis
803 879 1020 945 profecto
1042 878 1132 925 illis
1160 876 1402 943 spiritibus
1422 878 1620 942 refugis,

151 1015 156 1019 ,
205 961 318 1028 qui,
342 959 557 1024 neglecta
585 957 790 1023 justitia,
823 955 969 1004 solius
1003 955 1190 1004 servent
1210 955 1505 1021 flagrantque
1527 972 1625 1004 am-

207 1035 392 1088 bitione
414 1036 677 1103 potestatis.

273 1119 473 1181 Propter
492 1113 651 1179 quod,
676 1122 730 1160 ut
752 1128 898 1177 supra
918 1111 1181 1176 tetigimus,
1209 1111 1519 1178 quamplures
1540 1113 1626 1160 hu-

203 1193 417 1260 jusmodi
440 1192 716 1258 principum
738 1189 1120 1254 conjurationem
1135 1227 1148 1250 ,
1174 1199 1221 1237 et
1247 1189 1309 1238 ab
1337 1191 1473 1238 initio
1503 1201 1549 1238 et
1567 1208 1626 1239 ex

207 1281 319 1338 post
353 1270 503 1331 facto,
531 1268 748 1317 detestati
773 1284 960 1332 semper
976 1276 1024 1315 et
1047 1266 1310 1315 abominati
1334 1268 1542 1330 suerunt,
1570 1285 1628 1316 ex

212 1357 389 1398 eventu
434 1347 592 1395 solum
636 1355 684 1394 et
711 1345 841 1393 exitu
870 1362 1033 1392 rerum
1069 1345 1396 1393 humanorum
1429 1355 1627 1394 actuum

208 1425 473 1475 bonitatem
488 1424 566 1472 vel
582 1423 811 1471 malitiam
831 1422 1099 1470 metientes,
1123 1425 1193 1470 De
1209 1440 1308 1488 quo
1332 1425 1443 1471 satis
1460 1441 1623 1490 supra,

210 1511 444 1568 quantum
463 1501 599 1549 locus
619 1501 720 1566 ipse
741 1515 940 1565 poscere
956 1498 1226 1560 videbatur,
1250 1516 1278 1547 a
1299 1499 1441 1547 nohis
1463 1501 1629 1548 disser-

212 1590 316 1628 tum
338 1588 432 1640 est,
459 1578 568 1643 qui,
594 1573 786 1642 qufflem
817 1577 1019 1641 quisque
1043 1577 1364 1625 intentionem
1384 1577 1520 1625 initio
1543 1578 1628 1626 ha-

212 1655 367 1718 beret,
393 1655 455 1703 ad
477 1665 660 1703 certum
677 1654 892 1719 judicare
913 1671 1014 1701 non
1049 1671 1320 1720 possumus.
1352 1658 1410 1702 Et
1436 1655 1628 1704 difficile

211 1733 475 1800 plurimum
515 1743 638 1780 esset
675 1733 816 1797 quin,
847 1734 898 1779 in
936 1741 1068 1788 tanta
1102 1732 1431 1793 multitudine,
1466 1733 1628 1798 plures

210 1809 370 1875 potius
391 1826 476 1858 sua
497 1811 681 1876 privata
698 1809 980 1866 commoda,
1006 1826 1152 1874 quam
1179 1810 1385 1858 fructum
1405 1811 1630 1862 resorma-

211 1886 355 1934 tionis
387 1887 659 1953 reipublicae
689 1897 736 1935 et
758 1887 876 1934 boni
899 1886 1079 1952 publici
1102 1888 1350 1936 utilitatem
1369 1890 1629 1936 consectati

212 1962 439 2024 fuissent3
466 1964 549 2012 sed
580 1966 723 2012 etiam
757 1982 856 2012 non
884 1965 1007 2012 adeo
1036 1966 1213 2013 malam
1238 1965 1299 2012 de
1325 1965 1514 2026 multiS,
1545 1967 1629 2031 qui

213 2039 339 2088 inter
353 2058 437 2090 eos
456 2051 616 2104 erant,
634 2042 996 2090 aestimationem
1011 2042 1137 2106 juste
1157 2041 1336 2090 habere
1354 2059 1626 2108 possemus,

211 2126 266 2164 ut
278 2133 448 2167 omnes
465 2118 722 2178 duntaxat,
749 2135 854 2182 quae
879 2135 966 2167 sua
991 2130 1135 2180 sunt,
1156 2120 1428 2185 quaesivisse
1446 2156 1458 2180 ,
1485 2119 1631 2168 nihil-

214 2212 310 2260 que
330 2195 392 2244 de
411 2197 546 2244 bono
570 2196 765 2262 publico
790 2213 1005 2259 curasse,
1031 2197 1335 2246 damnemus.

279 2276 403 2322 Cum
423 2276 583 2341 itaque
606 2275 666 2322 de
695 2274 974 2338 hujusmodi
1003 2285 1206 2324 tractatu
1231 2287 1277 2324 et
1301 2275 1632 2341 pacificatione

215 2351 338 2399 facta
362 2340 491 2400 anno
514 2352 710 2400 Domini
742 2351 993 2399 millesimo
1018 2352 1486 2417 quadringentesimo
1505 2369 1632 2401 sexa-

218 2427 398 2492 gesimo
430 2429 628 2495 quinto,
668 2445 832 2476 mense
866 2429 1148 2491 novembri,
1182 2430 1314 2496 apud
1346 2430 1510 2478 villam
1548 2445 1632 2478 seu

216 2514 424 2553 castrum
460 2506 546 2554 ubi
587 2517 700 2554 sunt
732 2507 782 2553 in
820 2523 972 2554 unum
1000 2507 1296 2555 confluentes
1327 2510 1550 2573 Sequana
1586 2516 1632 2554 et

218 2582 344 2629 Isara
360 2584 392 2643 ¹,
431 2582 530 2630 dux
563 2584 819 2645 Borbonii,
867 2584 952 2648 qui
987 2593 1101 2632 tunc
1141 2585 1299 2633 adhuc
1346 2584 1632 2646 Rothomagi

273 2699 310 2737 1.
342 2698 520 2751 Corrigez
546 2701 742 2738 Matrona.
773 2699 989 2752 Singuliere
1015 2691 1165 2748 errem,
1191 2701 1258 2752 qui
1282 2714 1432 2753 prouve
1456 2698 1632 2738 combien

221 2769 298 2807 peu
315 2756 479 2795 l’auteur
495 2759 724 2797 connaissait
741 2759 797 2798 les
814 2759 997 2798 environs
1016 2759 1064 2798 de
1082 2760 1200 2800 Paris.
1220 2763 1277 2799 La
1297 2759 1522 2811 periphrase
1539 2757 1634 2796 dont

223 2815 250 2853 il
266 2828 307 2854 se
320 2823 399 2854 sert
411 2824 468 2854 est
482 2829 581 2868 pour
598 2817 774 2869 designer
791 2819 828 2856 le
845 2818 1006 2860 chateau
1027 2819 1076 2858 de
1089 2820 1286 2868 Conflans;
1309 2820 1404 2858 mais
1422 2832 1473 2857 au
1490 2818 1570 2857 lieu
1583 2817 1632 2856 de
