2054 3470
391 367 467 404 35⁴
754 365 1097 405 HISTORIARUM
1122 366 1360 404 LUDOVICI
1387 367 1445 403 XI

392 453 481 501 diae
495 453 597 517 jam
619 453 864 500 machinas
887 462 933 500 et
955 452 1125 500 bellica
1142 453 1475 513 instrumenta,
1498 469 1603 516 quae
1619 453 1680 500 ad
1699 471 1802 501 mu-

389 533 554 580 nimen
591 548 793 580 suorum
825 541 1094 579 castrorum
1120 529 1380 592 habuerat,
1420 531 1483 578 ad
1511 541 1658 578 terras
1694 547 1804 580 suas

389 626 499 657 cum
533 608 823 675 supellectile
867 624 951 655 sua
982 607 1288 655 devehendas
1325 618 1619 673 reposuerat.
1662 610 1800 658 Simi-

386 686 495 735 liter
513 687 658 753 etiam
679 686 1027 751 negotiatores,
1063 685 1171 749 qui,
1207 685 1571 750 suppeditandae
1597 702 1804 734 annonae

385 773 757 828 caeterarumque
794 778 956 811 rerum
995 762 1220 809 exercitui
1256 762 1391 809 ducis
1428 763 1803 811 necessariarum

384 842 559 905 gratia,
589 850 742 888 castra
772 840 923 887 secuti
956 839 1172 900 fuerant,
1198 839 1249 885 in
1278 839 1458 886 eisdem
1487 839 1690 887 navibus
1718 856 1804 887 sua

383 918 700 966 condiderant
730 916 877 964 bona.
909 919 968 964 Et
995 932 1107 963 cum
1130 915 1323 963 easdem
1345 916 1406 963 de
1427 917 1657 982 praesidiis
1679 917 1802 964 mili-

384 996 567 1044 taribus
594 995 799 1053 nudatas
828 995 1120 1042 invenissent
1142 994 1396 1055 Germani,
1419 1010 1479 1041 eo
1508 995 1644 1059 quod
1663 1005 1804 1060 pacta

381 1074 507 1121 inter
527 1074 766 1139 principes
788 1071 1009 1121 absoluta
1027 1081 1185 1133 erant,
1211 1082 1259 1119 et
1282 1071 1412 1119 nulla
1439 1072 1541 1136 jam
1563 1072 1625 1120 de
1650 1083 1800 1122 certa-

383 1151 515 1198 mine
554 1150 630 1198 vel
671 1150 1009 1214 congressione
1049 1149 1258 1215 suspicio
1301 1148 1586 1211 ducebatur,
1635 1149 1798 1213 facile,

382 1228 518 1276 nullo
550 1230 823 1289 resistente,
849 1237 1102 1293 ceperunt,
1138 1238 1320 1291 easque
1342 1237 1574 1292 tanquam
1594 1228 1802 1293 praedam

380 1322 519 1354 suam
543 1306 795 1353 Coloniam
820 1305 1149 1366 abduxerunt,
1185 1321 1232 1351 xl
1265 1321 1469 1352 numero
1501 1304 1577 1352 vel
1607 1321 1716 1367 xw,
1750 1315 1804 1362 ut

380 1382 461 1431 alii
483 1383 776 1431 asserebant.

446 1460 556 1515 Quo
582 1457 727 1518 sacto,
757 1457 964 1520 graviter
988 1457 1049 1504 de
1072 1456 1186 1504 dolo
1211 1466 1258 1504 et
1281 1455 1483 1522 perfidia
1511 1456 1805 1520 Burgundio-

380 1550 497 1582 num
521 1533 620 1582 dux
640 1534 772 1599 apud
796 1534 1137 1599 imperatorem
1161 1543 1209 1580 et
1233 1549 1344 1580 suos
1367 1533 1604 1598 principes
1630 1549 1803 1597 quere-

381 1611 546 1671 batur,
577 1612 926 1672 comminatus,
951 1611 1044 1676 nisi
1067 1610 1157 1657 sibi
1183 1611 1341 1658 statim
1370 1609 1604 1657 restitutio
1634 1608 1769 1658 fieret
1786 1648 1798 1672 ,

381 1705 431 1736 se
462 1705 671 1752 suosque
701 1688 865 1753 denuo
900 1688 963 1736 ad
993 1704 1127 1735 arma
1158 1687 1392 1753 prosilire.
1423 1689 1684 1745 Quae'cum
1716 1704 1803 1753 per

381 1767 484 1814 dies
505 1767 689 1831 aliquot
714 1766 918 1831 querelae
939 1766 1353 1831 protraherentur,
1377 1764 1802 1812 intercurrentibus

383 1845 509 1892 ultro
544 1846 762 1909 citroque
782 1844 963 1891 nuntiis
987 1853 1034 1891 et
1064 1843 1249 1908 legatis,
1274 1843 1470 1908 praefato
1503 1843 1647 1889 etiam
1682 1858 1800 1907 apo-

381 1923 558 1971 stolicae
587 1923 711 1970 sedis
732 1922 914 1985 legato,
936 1932 983 1968 et
1003 1922 1194 1968 labores
1216 1921 1449 1986 plurimos
1472 1929 1766 1967 assumerent
1782 1957 1795 1982 ,

382 2000 445 2047 ad
466 1999 767 2048 resarcienda
781 2000 899 2046 inita
914 2009 961 2046 et
980 1998 1263 2046 confirmata
1281 2006 1438 2063 pacta,
1461 2014 1567 2061 quae
1591 2007 1800 2062 rupturae

381 2087 429 2124 et
451 2078 644 2124 recidivi
667 2077 780 2124 belli
801 2075 1014 2141 periculo
1037 2075 1280 2139 subJacere
1304 2075 1608 2136 videbantur,
1628 2075 1800 2123 auditis

381 2154 744 2219 allegationibus
764 2154 996 2217 justisque
1021 2153 1245 2216 querelis,
1270 2169 1376 2216 quae
1395 2167 1484 2217 pro
1507 2161 1642 2217 parte
1665 2153 1799 2200 ducis

381 2231 563 2279 fiebant
591 2231 712 2295 (cui,
744 2231 784 2276 si
812 2230 971 2294 aliqua
1001 2230 1102 2277 rixa
1132 2230 1257 2277 inter
1280 2229 1465 2294 aliquos
1493 2229 1799 2294 particulares

381 2310 616 2357 concitata
638 2309 790 2355 fuerat
809 2317 979 2372 praeter
1003 2307 1105 2371 ejus
1127 2307 1427 2355 voluntatem
1451 2317 1498 2354 et
1523 2323 1793 2368 assensum,

379 2387 431 2434 id
457 2386 785 2452 proejudicium
811 2384 978 2431 afferre
1012 2401 1113 2431 non
1141 2384 1346 2431 debebat
1363 2422 1375 2445 ,
1412 2385 1658 2449 potissime
1684 2400 1798 2439 oum

379 2465 523 2511 etiam
545 2463 606 2510 ab
627 2461 907 2510 adversariis
923 2471 1079 2508 ortam
1098 2460 1321 2508 habuisse
1345 2461 1567 2524 injuriam
1588 2460 1797 2508 affirma-

378 2542 565 2605 retur),
601 2541 877 2604 imperator,
913 2539 1135 2604 princeps
1168 2539 1612 2585 observantissimus
1640 2538 1761 2602 aequi
1779 2575 1792 2600 ,

379 2619 590 2667 decrevit
635 2616 738 2664 fieri
775 2616 1125 2663 restitutionem
1159 2615 1452 2676 ablatorum,
1497 2615 1795 2662 assentienti-

380 2697 471 2744 bus
494 2695 583 2743 sibi
613 2695 662 2741 in
692 2693 788 2740 hoc
805 2693 935 2740 Sacri
960 2693 1150 2759 Imperii
1173 2692 1457 2740 electoribus
1491 2692 1791 2756 caeterisque,
1840 2730 1842 2734 ,

379 2776 463 2838 qui
493 2783 608 2821 tunc
647 2771 867 2832 aderant,
906 2771 1202 2836 principibus
1238 2771 1518 2818 Germaniae.
1559 2769 1794 2818 Nolebant

377 2853 531 2911 enim,
568 2866 657 2916 pro
680 2864 989 2914 quocumque
1012 2847 1264 2912 temporali
1293 2847 1472 2894 damno
1496 2847 1570 2893 vel
1604 2847 1789 2894 incom—
