<?xml version="1.0" encoding="UTF-8"?>
<!DOCTYPE html PUBLIC "-//W3C//DTD XHTML 1.0 Transitional//EN"
    "http://www.w3.org/TR/xhtml1/DTD/xhtml1-transitional.dtd">
<html xmlns="http://www.w3.org/1999/xhtml" xml:lang="en" lang="en">
 <head>
  <title>
</title>
<meta http-equiv="Content-Type" content="text/html;charset=utf-8" />
  <meta name='ocr-system' content='tesseract 3.04.00' />
  <meta name='ocr-capabilities' content='ocr_page ocr_carea ocr_par ocr_line ocrx_word'/>
</head>
<body>
  <div class='ocr_page' id='page_1' title='image "./histoiredesrgn02basiuoft_0192.png"; bbox 0 0 2054 3470; ppageno 0'>
   <div class='ocr_carea' id='block_1_1' title="bbox 431 367 1476 416">
    <p class='ocr_par' dir='ltr' id='par_1_1' title="bbox 431 367 1476 416">
     <span class='ocr_line' id='line_1_1' title="bbox 431 367 1476 416; baseline 0.002 -13"><span class='ocrx_word' id='word_1_1' title='bbox 431 367 506 403; x_wconf 78' lang='lat'>108</span> <span class='ocrx_word' id='word_1_2' title='bbox 701 412 705 416; x_wconf 18' lang='grc' dir='ltr'><strong>Α</strong></span> <span class='ocrx_word' id='word_1_3' title='bbox 791 367 1132 405; x_wconf 85' lang='lat' dir='ltr'><strong>HISTORIARUM</strong></span> <span class='ocrx_word' id='word_1_4' title='bbox 1158 368 1394 406; x_wconf 92' lang='lat' dir='ltr'>LUDOVICI</span> <span class='ocrx_word' id='word_1_5' title='bbox 1419 368 1476 405; x_wconf 89' lang='lat' dir='ltr'>XI</span> 
     </span>
    </p>
   </div>
   <div class='ocr_carea' id='block_1_2' title="bbox 392 454 1837 2908">
    <p class='ocr_par' dir='ltr' id='par_1_2' title="bbox 392 454 1837 2831">
     <span class='ocr_line' id='line_1_2' title="bbox 431 454 1837 521; baseline -0.001 -21"><span class='ocrx_word' id='word_1_6' title='bbox 431 457 643 501; x_wconf 87' lang='lat' dir='ltr'>Romana</span> <span class='ocrx_word' id='word_1_7' title='bbox 679 454 948 519; x_wconf 82' lang='lat' dir='ltr'>republica,</span> <span class='ocrx_word' id='word_1_8' title='bbox 986 464 1033 501; x_wconf 89' lang='lat' dir='ltr'>et</span> <span class='ocrx_word' id='word_1_9' title='bbox 1071 455 1119 500; x_wconf 91' lang='lat' dir='ltr'>in</span> <span class='ocrx_word' id='word_1_10' title='bbox 1153 455 1310 518; x_wconf 88' lang='lat' dir='ltr'>regnis</span> <span class='ocrx_word' id='word_1_11' title='bbox 1341 455 1546 502; x_wconf 85' lang='lat' dir='ltr'>Franciae</span> <span class='ocrx_word' id='word_1_12' title='bbox 1577 465 1623 503; x_wconf 86' lang='lat' dir='ltr'>et</span> <span class='ocrx_word' id='word_1_13' title='bbox 1658 457 1837 521; x_wconf 76' lang='lat' dir='ltr'>Angliae.</span> 
     </span>
     <span class='ocr_line' id='line_1_3' title="bbox 427 532 1831 596; baseline 0.001 -17"><span class='ocrx_word' id='word_1_14' title='bbox 427 543 570 596; x_wconf 91' lang='lat' dir='ltr'>atque</span> <span class='ocrx_word' id='word_1_15' title='bbox 597 532 698 579; x_wconf 89' lang='lat' dir='ltr'>aliis</span> <span class='ocrx_word' id='word_1_16' title='bbox 732 533 970 596; x_wconf 89' lang='lat' dir='ltr'>imperiis,</span> <span class='ocrx_word' id='word_1_17' title='bbox 1007 533 1175 596; x_wconf 86' lang='lat' dir='ltr'>saepius</span> <span class='ocrx_word' id='word_1_18' title='bbox 1209 533 1488 594; x_wconf 84' lang='lat' dir='ltr'><strong>contigisse,</strong></span> <span class='ocrx_word' id='word_1_19' title='bbox 1523 542 1620 580; x_wconf 89' lang='lat' dir='ltr'>tam</span> <span class='ocrx_word' id='word_1_20' title='bbox 1650 550 1707 580; x_wconf 86' lang='lat' dir='ltr'>ex</span> <span class='ocrx_word' id='word_1_21' title='bbox 1744 551 1831 582; x_wconf 87' lang='lat' dir='ltr'>ve-</span> 
     </span>
     <span class='ocr_line' id='line_1_4' title="bbox 426 608 1830 673; baseline 0.004 -18"><span class='ocrx_word' id='word_1_22' title='bbox 426 609 605 656; x_wconf 86' lang='lat' dir='ltr'><strong>teribus</strong></span> <span class='ocrx_word' id='word_1_23' title='bbox 657 625 801 673; x_wconf 85' lang='lat' dir='ltr'>quam</span> <span class='ocrx_word' id='word_1_24' title='bbox 846 625 900 655; x_wconf 88' lang='lat' dir='ltr'>ex</span> <span class='ocrx_word' id='word_1_25' title='bbox 949 608 1295 655; x_wconf 89' lang='lat' dir='ltr'>recentioribus</span> <span class='ocrx_word' id='word_1_26' title='bbox 1336 609 1545 656; x_wconf 90' lang='lat' dir='ltr'>historiis</span> <span class='ocrx_word' id='word_1_27' title='bbox 1590 609 1724 657; x_wconf 84' lang='lat' dir='ltr'>facile</span> <span class='ocrx_word' id='word_1_28' title='bbox 1761 622 1830 660; x_wconf 90' lang='lat' dir='ltr'>est</span> 
     </span>
     <span class='ocr_line' id='line_1_5' title="bbox 424 686 1825 750; baseline 0.001 -17"><span class='ocrx_word' id='word_1_29' title='bbox 424 702 695 750; x_wconf 78' lang='lat' dir='ltr'>agnoscere.</span> <span class='ocrx_word' id='word_1_30' title='bbox 725 689 822 732; x_wconf 91' lang='lat' dir='ltr'>Cur</span> <span class='ocrx_word' id='word_1_31' title='bbox 844 697 1025 743; x_wconf 86' lang='lat' dir='ltr'>autem,</span> <span class='ocrx_word' id='word_1_32' title='bbox 1049 696 1096 732; x_wconf 86' lang='lat' dir='ltr'>et</span> <span class='ocrx_word' id='word_1_33' title='bbox 1119 686 1208 734; x_wconf 88' lang='lat' dir='ltr'>hac</span> <span class='ocrx_word' id='word_1_34' title='bbox 1231 687 1352 746; x_wconf 83' lang='lat' dir='ltr'>vice,</span> <span class='ocrx_word' id='word_1_35' title='bbox 1383 686 1477 733; x_wconf 92' lang='lat' dir='ltr'>hoc</span> <span class='ocrx_word' id='word_1_36' title='bbox 1496 686 1691 734; x_wconf 90' lang='lat' dir='ltr'>minime</span> <span class='ocrx_word' id='word_1_37' title='bbox 1713 704 1825 735; x_wconf 90' lang='lat' dir='ltr'>con-</span> 
     </span>
     <span class='ocr_line' id='line_1_6' title="bbox 425 763 1826 827; baseline 0.002 -18"><span class='ocrx_word' id='word_1_38' title='bbox 425 763 611 826; x_wconf 88' lang='lat' dir='ltr'>tigerit,</span> <span class='ocrx_word' id='word_1_39' title='bbox 650 780 761 809; x_wconf 87' lang='lat' dir='ltr'>cum</span> <span class='ocrx_word' id='word_1_40' title='bbox 792 763 1039 810; x_wconf 88' lang='lat' dir='ltr'>reformari</span> <span class='ocrx_word' id='word_1_41' title='bbox 1070 763 1118 809; x_wconf 89' lang='lat' dir='ltr'>in</span> <span class='ocrx_word' id='word_1_42' title='bbox 1151 763 1320 809; x_wconf 88' lang='lat' dir='ltr'>melius</span> <span class='ocrx_word' id='word_1_43' title='bbox 1352 763 1622 827; x_wconf 61' lang='lat' dir='ltr'>reipublicae</span> <span class='ocrx_word' id='word_1_44' title='bbox 1654 773 1826 812; x_wconf 88' lang='lat' dir='ltr'>statum</span> 
     </span>
     <span class='ocr_line' id='line_1_7' title="bbox 421 840 1827 904; baseline 0.001 -18"><span class='ocrx_word' id='word_1_45' title='bbox 421 850 563 904; x_wconf 86' lang='lat' dir='ltr'>atque</span> <span class='ocrx_word' id='word_1_46' title='bbox 612 840 829 887; x_wconf 87' lang='lat' dir='ltr'>ordinem</span> <span class='ocrx_word' id='word_1_47' title='bbox 876 840 1226 887; x_wconf 88' lang='lat' dir='ltr'>evidentissima</span> <span class='ocrx_word' id='word_1_48' title='bbox 1270 850 1544 904; x_wconf 86' lang='lat' dir='ltr'>exposceret</span> <span class='ocrx_word' id='word_1_49' title='bbox 1577 840 1827 890; x_wconf 86' lang='lat' dir='ltr'>necessitas</span> 
     </span>
     <span class='ocr_line' id='line_1_8' title="bbox 420 916 1826 980; baseline 0.002 -18"><span class='ocrx_word' id='word_1_50' title='bbox 420 927 561 980; x_wconf 90' lang='lat' dir='ltr'>atque</span> <span class='ocrx_word' id='word_1_51' title='bbox 595 918 797 971; x_wconf 91' lang='lat' dir='ltr'>utilitas,</span> <span class='ocrx_word' id='word_1_52' title='bbox 851 917 979 964; x_wconf 87' lang='lat' dir='ltr'>dicat</span> <span class='ocrx_word' id='word_1_53' title='bbox 1010 917 1093 980; x_wconf 89' lang='lat' dir='ltr'>qui</span> <span class='ocrx_word' id='word_1_54' title='bbox 1137 933 1422 963; x_wconf 87' lang='lat' dir='ltr'>arcanorum</span> <span class='ocrx_word' id='word_1_55' title='bbox 1458 927 1505 963; x_wconf 89' lang='lat' dir='ltr'>et</span> <span class='ocrx_word' id='word_1_56' title='bbox 1535 916 1826 980; x_wconf 89' lang='lat' dir='ltr'>judiciorum</span> 
     </span>
     <span class='ocr_line' id='line_1_9' title="bbox 421 994 1824 1059; baseline 0.001 -19"><span class='ocrx_word' id='word_1_57' title='bbox 421 995 760 1059; x_wconf 84' lang='lat' dir='ltr'>omnipotentis</span> <span class='ocrx_word' id='word_1_58' title='bbox 791 995 878 1040; x_wconf 89' lang='lat' dir='ltr'>Dei</span> <span class='ocrx_word' id='word_1_59' title='bbox 907 995 1124 1040; x_wconf 91' lang='lat' dir='ltr'>conscius</span> <span class='ocrx_word' id='word_1_60' title='bbox 1159 1010 1286 1053; x_wconf 90' lang='lat' dir='ltr'>esse,</span> <span class='ocrx_word' id='word_1_61' title='bbox 1320 1003 1367 1040; x_wconf 88' lang='lat' dir='ltr'>et</span> <span class='ocrx_word' id='word_1_62' title='bbox 1393 994 1627 1040; x_wconf 85' lang='lat' dir='ltr'>rationem</span> <span class='ocrx_word' id='word_1_63' title='bbox 1657 1011 1824 1042; x_wconf 91' lang='lat' dir='ltr'>eorum</span> 
     </span>
     <span class='ocr_line' id='line_1_10' title="bbox 418 1069 1822 1135; baseline 0.001 -19"><span class='ocrx_word' id='word_1_64' title='bbox 418 1071 675 1133; x_wconf 87' lang='lat' dir='ltr'>intelligere</span> <span class='ocrx_word' id='word_1_65' title='bbox 687 1071 927 1135; x_wconf 69' lang='lat' dir='ltr'>praesumit</span> <span class='ocrx_word' id='word_1_66' title='bbox 945 1089 956 1129; x_wconf 82' lang='lat'>3</span> <span class='ocrx_word' id='word_1_67' title='bbox 982 1086 1087 1133; x_wconf 76' lang='lat' dir='ltr'>quae</span> <span class='ocrx_word' id='word_1_68' title='bbox 1106 1069 1322 1116; x_wconf 86' lang='lat' dir='ltr'>miranda</span> <span class='ocrx_word' id='word_1_69' title='bbox 1337 1069 1533 1133; x_wconf 90' lang='lat' dir='ltr'>quidem</span> <span class='ocrx_word' id='word_1_70' title='bbox 1545 1069 1685 1117; x_wconf 89' lang='lat' dir='ltr'>nobis</span> <span class='ocrx_word' id='word_1_71' title='bbox 1703 1087 1822 1127; x_wconf 84' lang='lat' dir='ltr'>esse,</span> 
     </span>
     <span class='ocr_line' id='line_1_11' title="bbox 418 1146 1824 1212; baseline 0.001 -18"><span class='ocrx_word' id='word_1_72' title='bbox 418 1157 464 1194; x_wconf 89' lang='lat' dir='ltr'>et</span> <span class='ocrx_word' id='word_1_73' title='bbox 487 1164 710 1212; x_wconf 87' lang='lat' dir='ltr'>pavorem</span> <span class='ocrx_word' id='word_1_74' title='bbox 734 1149 944 1194; x_wconf 77' lang='lat' dir='ltr'>incutere</span> <span class='ocrx_word' id='word_1_75' title='bbox 971 1148 1141 1194; x_wconf 91' lang='lat' dir='ltr'>merito</span> <span class='ocrx_word' id='word_1_76' title='bbox 1164 1146 1364 1206; x_wconf 90' lang='lat' dir='ltr'>debent,</span> <span class='ocrx_word' id='word_1_77' title='bbox 1397 1156 1472 1208; x_wconf 85' lang='lat' dir='ltr'>ut,</span> <span class='ocrx_word' id='word_1_78' title='bbox 1499 1147 1634 1210; x_wconf 84' lang='lat' dir='ltr'>juxta</span> <span class='ocrx_word' id='word_1_79' title='bbox 1653 1148 1824 1195; x_wconf 90' lang='lat' dir='ltr'>exhor-</span> 
     </span>
     <span class='ocr_line' id='line_1_12' title="bbox 418 1226 1823 1289; baseline 0.003 -19"><span class='ocrx_word' id='word_1_80' title='bbox 418 1226 642 1272; x_wconf 81' lang='lat' dir='ltr'>tationem</span> <span class='ocrx_word' id='word_1_81' title='bbox 668 1226 904 1289; x_wconf 79' lang='lat' dir='ltr'>Apostoli,</span> <span class='ocrx_word' id='word_1_82' title='bbox 931 1245 954 1270; x_wconf 89' lang='lat'>«</span> <span class='ocrx_word' id='word_1_83' title='bbox 980 1242 1090 1271; x_wconf 90' lang='lat' dir='ltr'>cum</span> <span class='ocrx_word' id='word_1_84' title='bbox 1119 1234 1251 1272; x_wconf 89' lang='lat' dir='ltr'>metu</span> <span class='ocrx_word' id='word_1_85' title='bbox 1284 1235 1331 1271; x_wconf 91' lang='lat' dir='ltr'>et</span> <span class='ocrx_word' id='word_1_86' title='bbox 1365 1235 1573 1272; x_wconf 88' lang='lat' dir='ltr'>tremore</span> <span class='ocrx_word' id='word_1_87' title='bbox 1611 1236 1823 1274; x_wconf 89' lang='lat' dir='ltr'>nostram</span> 
     </span>
     <span class='ocr_line' id='line_1_13' title="bbox 414 1299 1824 1366; baseline 0.001 -19"><span class='ocrx_word' id='word_1_88' title='bbox 414 1301 614 1348; x_wconf 87' lang='lat' dir='ltr'>salutem</span> <span class='ocrx_word' id='word_1_89' title='bbox 639 1317 911 1366; x_wconf 83' lang='lat' dir='ltr'>operemur,</span> <span class='ocrx_word' id='word_1_90' title='bbox 934 1321 956 1343; x_wconf 76' lang='lat' dir='ltr'>J)</span> <span class='ocrx_word' id='word_1_91' title='bbox 983 1301 1180 1347; x_wconf 91' lang='lat' dir='ltr'>minime</span> <span class='ocrx_word' id='word_1_92' title='bbox 1203 1310 1362 1347; x_wconf 88' lang='lat' dir='ltr'>autem</span> <span class='ocrx_word' id='word_1_93' title='bbox 1380 1300 1567 1346; x_wconf 89' lang='lat' dir='ltr'>curiose</span> <span class='ocrx_word' id='word_1_94' title='bbox 1590 1299 1824 1349; x_wconf 87' lang='lat' dir='ltr'>discutere</span> 
     </span>
     <span class='ocr_line' id='line_1_14' title="bbox 413 1376 1825 1442; baseline 0.002 -20"><span class='ocrx_word' id='word_1_95' title='bbox 413 1376 659 1424; x_wconf 89' lang='lat' dir='ltr'>debemus.</span> <span class='ocrx_word' id='word_1_96' title='bbox 706 1381 844 1424; x_wconf 88' lang='lat' dir='ltr'>Forte</span> <span class='ocrx_word' id='word_1_97' title='bbox 875 1379 1003 1424; x_wconf 92' lang='lat' dir='ltr'>enim</span> <span class='ocrx_word' id='word_1_98' title='bbox 1031 1378 1106 1436; x_wconf 92' lang='lat' dir='ltr'>hi,</span> <span class='ocrx_word' id='word_1_99' title='bbox 1133 1377 1195 1442; x_wconf 87' lang='lat' dir='ltr'>[a]</span> <span class='ocrx_word' id='word_1_100' title='bbox 1219 1377 1394 1441; x_wconf 89' lang='lat' dir='ltr'>quibus</span> <span class='ocrx_word' id='word_1_101' title='bbox 1421 1376 1511 1423; x_wconf 91' lang='lat' dir='ltr'>hac</span> <span class='ocrx_word' id='word_1_102' title='bbox 1539 1377 1617 1424; x_wconf 85' lang='lat' dir='ltr'>via</span> <span class='ocrx_word' id='word_1_103' title='bbox 1639 1378 1825 1425; x_wconf 88' lang='lat' dir='ltr'>consuli</span> 
     </span>
     <span class='ocr_line' id='line_1_15' title="bbox 411 1453 1824 1519; baseline 0.002 -18"><span class='ocrx_word' id='word_1_104' title='bbox 411 1456 661 1519; x_wconf 88' lang='lat' dir='ltr'>potuisset,</span> <span class='ocrx_word' id='word_1_105' title='bbox 689 1456 872 1519; x_wconf 89' lang='lat' dir='ltr'>indigni</span> <span class='ocrx_word' id='word_1_106' title='bbox 895 1466 1026 1503; x_wconf 89' lang='lat' dir='ltr'>erant</span> <span class='ocrx_word' id='word_1_107' title='bbox 1045 1493 1056 1516; x_wconf 94' lang='lat'>,</span> <span class='ocrx_word' id='word_1_108' title='bbox 1082 1466 1129 1503; x_wconf 88' lang='lat' dir='ltr'>et</span> <span class='ocrx_word' id='word_1_109' title='bbox 1151 1465 1248 1502; x_wconf 88' lang='lat' dir='ltr'>tam</span> <span class='ocrx_word' id='word_1_110' title='bbox 1271 1453 1486 1501; x_wconf 89' lang='lat' dir='ltr'>moribus</span> <span class='ocrx_word' id='word_1_111' title='bbox 1508 1454 1748 1503; x_wconf 82' lang='lat' dir='ltr'>deformes</span> <span class='ocrx_word' id='word_1_112' title='bbox 1768 1472 1824 1504; x_wconf 89' lang='lat' dir='ltr'>ac</span> 
     </span>
     <span class='ocr_line' id='line_1_16' title="bbox 410 1531 1824 1597; baseline 0.003 -20"><span class='ocrx_word' id='word_1_113' title='bbox 410 1532 620 1596; x_wconf 86' lang='lat' dir='ltr'>reprobi,</span> <span class='ocrx_word' id='word_1_114' title='bbox 648 1543 699 1580; x_wconf 94' lang='lat' dir='ltr'>ut</span> <span class='ocrx_word' id='word_1_115' title='bbox 719 1534 888 1580; x_wconf 90' lang='lat' dir='ltr'>merito</span> <span class='ocrx_word' id='word_1_116' title='bbox 913 1533 1084 1580; x_wconf 87' lang='lat' dir='ltr'>talibus</span> <span class='ocrx_word' id='word_1_117' title='bbox 1106 1533 1263 1580; x_wconf 87' lang='lat' dir='ltr'>adhuc</span> <span class='ocrx_word' id='word_1_118' title='bbox 1282 1531 1476 1596; x_wconf 86' lang='lat' dir='ltr'>flagellis</span> <span class='ocrx_word' id='word_1_119' title='bbox 1499 1533 1655 1597; x_wconf 92' lang='lat' dir='ltr'>potius</span> <span class='ocrx_word' id='word_1_120' title='bbox 1677 1535 1824 1581; x_wconf 87' lang='lat' dir='ltr'>casti-</span> 
     </span>
     <span class='ocr_line' id='line_1_17' title="bbox 410 1607 1824 1678; baseline 0.003 -21"><span class='ocrx_word' id='word_1_121' title='bbox 410 1611 552 1672; x_wconf 85' lang='lat' dir='ltr'>gandi</span> <span class='ocrx_word' id='word_1_122' title='bbox 593 1621 736 1675; x_wconf 88' lang='lat' dir='ltr'>atque</span> <span class='ocrx_word' id='word_1_123' title='bbox 770 1611 1021 1658; x_wconf 90' lang='lat' dir='ltr'>erudiendi</span> <span class='ocrx_word' id='word_1_124' title='bbox 1055 1621 1212 1659; x_wconf 91' lang='lat' dir='ltr'>essent</span> <span class='ocrx_word' id='word_1_125' title='bbox 1235 1649 1247 1672; x_wconf 92' lang='lat'>,</span> <span class='ocrx_word' id='word_1_126' title='bbox 1284 1607 1504 1675; x_wconf 83' lang='lat' dir='ltr'>qualibus</span> <span class='ocrx_word' id='word_1_127' title='bbox 1541 1628 1627 1676; x_wconf 89' lang='lat' dir='ltr'>per</span> <span class='ocrx_word' id='word_1_128' title='bbox 1650 1613 1824 1678; x_wconf 91' lang='lat' dir='ltr'>impios</span> 
     </span>
     <span class='ocr_line' id='line_1_18' title="bbox 408 1688 1818 1752; baseline 0.003 -19"><span class='ocrx_word' id='word_1_129' title='bbox 408 1697 622 1751; x_wconf 83' lang='lat' dir='ltr'>regentes</span> <span class='ocrx_word' id='word_1_130' title='bbox 656 1698 703 1735; x_wconf 89' lang='lat' dir='ltr'>et</span> <span class='ocrx_word' id='word_1_131' title='bbox 742 1689 985 1735; x_wconf 89' lang='lat' dir='ltr'>ministros</span> <span class='ocrx_word' id='word_1_132' title='bbox 1023 1705 1225 1752; x_wconf 85' lang='lat' dir='ltr'>regnum</span> <span class='ocrx_word' id='word_1_133' title='bbox 1262 1688 1465 1752; x_wconf 87' lang='lat' dir='ltr'>graviter</span> <span class='ocrx_word' id='word_1_134' title='bbox 1505 1688 1818 1752; x_wconf 86' lang='lat' dir='ltr'>atterebatur,</span> 
     </span>
     <span class='ocr_line' id='line_1_19' title="bbox 407 1765 1822 1830; baseline 0.001 -18"><span class='ocrx_word' id='word_1_135' title='bbox 407 1781 551 1828; x_wconf 90' lang='lat' dir='ltr'>quam</span> <span class='ocrx_word' id='word_1_136' title='bbox 589 1767 717 1830; x_wconf 86' lang='lat' dir='ltr'>pacis</span> <span class='ocrx_word' id='word_1_137' title='bbox 754 1776 801 1813; x_wconf 91' lang='lat' dir='ltr'>et</span> <span class='ocrx_word' id='word_1_138' title='bbox 828 1767 1017 1830; x_wconf 81' lang='lat' dir='ltr'>justitiae</span> <span class='ocrx_word' id='word_1_139' title='bbox 1051 1776 1192 1830; x_wconf 86' lang='lat' dir='ltr'>atque</span> <span class='ocrx_word' id='word_1_140' title='bbox 1227 1765 1456 1813; x_wconf 86' lang='lat' dir='ltr'>libertatis</span> <span class='ocrx_word' id='word_1_141' title='bbox 1493 1766 1690 1814; x_wconf 82' lang='lat' dir='ltr'>sanitate</span> <span class='ocrx_word' id='word_1_142' title='bbox 1732 1766 1822 1814; x_wconf 93' lang='lat' dir='ltr'>do-</span> 
     </span>
     <span class='ocr_line' id='line_1_20' title="bbox 407 1842 1820 1907; baseline 0.001 -19"><span class='ocrx_word' id='word_1_143' title='bbox 407 1843 571 1889; x_wconf 82' lang='lat' dir='ltr'>nandi.</span> <span class='ocrx_word' id='word_1_144' title='bbox 597 1843 781 1901; x_wconf 86' lang='lat' dir='ltr'>Quibus</span> <span class='ocrx_word' id='word_1_145' title='bbox 803 1845 947 1891; x_wconf 87' lang='lat' dir='ltr'>etiam</span> <span class='ocrx_word' id='word_1_146' title='bbox 977 1845 1133 1906; x_wconf 83' lang='lat' dir='ltr'>gratiae</span> <span class='ocrx_word' id='word_1_147' title='bbox 1156 1843 1295 1890; x_wconf 90' lang='lat' dir='ltr'>donis</span> <span class='ocrx_word' id='word_1_148' title='bbox 1319 1859 1401 1890; x_wconf 93' lang='lat' dir='ltr'>eos</span> <span class='ocrx_word' id='word_1_149' title='bbox 1424 1842 1581 1890; x_wconf 84' lang='lat' dir='ltr'>forsan</span> <span class='ocrx_word' id='word_1_150' title='bbox 1610 1843 1820 1907; x_wconf 85' lang='lat' dir='ltr'>ingratos</span> 
     </span>
     <span class='ocr_line' id='line_1_21' title="bbox 405 1919 1819 1985; baseline 0.003 -21"><span class='ocrx_word' id='word_1_151' title='bbox 405 1919 590 1966; x_wconf 88' lang='lat' dir='ltr'>futuros</span> <span class='ocrx_word' id='word_1_152' title='bbox 605 1957 617 1981; x_wconf 91' lang='lat'>,</span> <span class='ocrx_word' id='word_1_153' title='bbox 642 1931 715 1979; x_wconf 92' lang='lat' dir='ltr'>et,</span> <span class='ocrx_word' id='word_1_154' title='bbox 742 1922 855 1985; x_wconf 93' lang='lat' dir='ltr'>ipsis</span> <span class='ocrx_word' id='word_1_155' title='bbox 880 1921 1124 1968; x_wconf 85' lang='lat' dir='ltr'>abutendo</span> <span class='ocrx_word' id='word_1_156' title='bbox 1143 1959 1154 1981; x_wconf 92' lang='lat'>,</span> <span class='ocrx_word' id='word_1_157' title='bbox 1181 1921 1230 1966; x_wconf 93' lang='lat' dir='ltr'>in</span> <span class='ocrx_word' id='word_1_158' title='bbox 1254 1920 1618 1984; x_wconf 85' lang='lat' dir='ltr'>depravationes</span> <span class='ocrx_word' id='word_1_159' title='bbox 1641 1930 1687 1967; x_wconf 90' lang='lat' dir='ltr'>et</span> <span class='ocrx_word' id='word_1_160' title='bbox 1707 1937 1819 1968; x_wconf 89' lang='lat' dir='ltr'>cor-</span> 
     </span>
     <span class='ocr_line' id='line_1_22' title="bbox 403 1997 1818 2062; baseline 0.004 -21"><span class='ocrx_word' id='word_1_161' title='bbox 403 1997 649 2060; x_wconf 89' lang='lat' dir='ltr'>ruptiones</span> <span class='ocrx_word' id='word_1_162' title='bbox 671 1998 977 2062; x_wconf 88' lang='lat' dir='ltr'>prolapsuros</span> <span class='ocrx_word' id='word_1_163' title='bbox 999 2007 1045 2044; x_wconf 91' lang='lat' dir='ltr'>et</span> <span class='ocrx_word' id='word_1_164' title='bbox 1067 1998 1274 2043; x_wconf 91' lang='lat' dir='ltr'>ruituros</span> <span class='ocrx_word' id='word_1_165' title='bbox 1297 2013 1488 2043; x_wconf 91' lang='lat' dir='ltr'>morum</span> <span class='ocrx_word' id='word_1_166' title='bbox 1503 2033 1516 2057; x_wconf 91' lang='lat'>,</span> <span class='ocrx_word' id='word_1_167' title='bbox 1546 1997 1712 2045; x_wconf 89' lang='lat' dir='ltr'>oculus</span> <span class='ocrx_word' id='word_1_168' title='bbox 1740 1998 1818 2046; x_wconf 86' lang='lat' dir='ltr'>ille</span> 
     </span>
     <span class='ocr_line' id='line_1_23' title="bbox 402 2073 1812 2138; baseline 0.002 -19"><span class='ocrx_word' id='word_1_169' title='bbox 402 2073 615 2121; x_wconf 89' lang='lat' dir='ltr'>sublimis</span> <span class='ocrx_word' id='word_1_170' title='bbox 637 2075 808 2122; x_wconf 83' lang='lat' dir='ltr'>divinae</span> <span class='ocrx_word' id='word_1_171' title='bbox 836 2073 1146 2121; x_wconf 80' lang='lat' dir='ltr'>Providentiae</span> <span class='ocrx_word' id='word_1_172' title='bbox 1168 2073 1471 2138; x_wconf 82' lang='lat' dir='ltr'>praevidebat.</span> <span class='ocrx_word' id='word_1_173' title='bbox 1500 2076 1595 2120; x_wconf 91' lang='lat' dir='ltr'>Nec</span> <span class='ocrx_word' id='word_1_174' title='bbox 1614 2075 1812 2133; x_wconf 88' lang='lat' dir='ltr'>mirum,</span> 
     </span>
     <span class='ocr_line' id='line_1_24' title="bbox 400 2151 1815 2217; baseline 0.003 -21"><span class='ocrx_word' id='word_1_175' title='bbox 400 2151 439 2197; x_wconf 91' lang='lat' dir='ltr'>si</span> <span class='ocrx_word' id='word_1_176' title='bbox 469 2168 556 2215; x_wconf 91' lang='lat' dir='ltr'>pro</span> <span class='ocrx_word' id='word_1_177' title='bbox 589 2162 783 2216; x_wconf 85' lang='lat' dir='ltr'>peccato</span> <span class='ocrx_word' id='word_1_178' title='bbox 815 2162 861 2199; x_wconf 89' lang='lat' dir='ltr'>et</span> <span class='ocrx_word' id='word_1_179' title='bbox 889 2152 1091 2199; x_wconf 90' lang='lat' dir='ltr'>distorta</span> <span class='ocrx_word' id='word_1_180' title='bbox 1127 2152 1396 2216; x_wconf 89' lang='lat' dir='ltr'>aliquorum</span> <span class='ocrx_word' id='word_1_181' title='bbox 1429 2168 1487 2198; x_wconf 87' lang='lat' dir='ltr'>ex</span> <span class='ocrx_word' id='word_1_182' title='bbox 1517 2152 1815 2217; x_wconf 90' lang='lat' dir='ltr'>principibus</span> 
     </span>
     <span class='ocr_line' id='line_1_25' title="bbox 399 2229 1813 2292; baseline 0.001 -17"><span class='ocrx_word' id='word_1_183' title='bbox 399 2244 691 2292; x_wconf 90' lang='lat' dir='ltr'>suorumque</span> <span class='ocrx_word' id='word_1_184' title='bbox 732 2229 1091 2276; x_wconf 89' lang='lat' dir='ltr'>consiliatorum</span> <span class='ocrx_word' id='word_1_185' title='bbox 1127 2229 1417 2289; x_wconf 87' lang='lat' dir='ltr'>intentione,</span> <span class='ocrx_word' id='word_1_186' title='bbox 1451 2238 1635 2275; x_wconf 90' lang='lat' dir='ltr'>tantum</span> <span class='ocrx_word' id='word_1_187' title='bbox 1661 2245 1813 2292; x_wconf 87' lang='lat' dir='ltr'>quan-</span> 
     </span>
     <span class='ocr_line' id='line_1_26' title="bbox 397 2306 1812 2371; baseline 0.001 -18"><span class='ocrx_word' id='word_1_188' title='bbox 397 2316 529 2366; x_wconf 92' lang='lat' dir='ltr'>tum,</span> <span class='ocrx_word' id='word_1_189' title='bbox 572 2308 655 2370; x_wconf 88' lang='lat' dir='ltr'>qui</span> <span class='ocrx_word' id='word_1_190' title='bbox 693 2317 793 2354; x_wconf 84' lang='lat' dir='ltr'>non</span> <span class='ocrx_word' id='word_1_191' title='bbox 835 2307 963 2354; x_wconf 90' lang='lat' dir='ltr'>aliud</span> <span class='ocrx_word' id='word_1_192' title='bbox 1007 2323 1152 2371; x_wconf 86' lang='lat' dir='ltr'>quam</span> <span class='ocrx_word' id='word_1_193' title='bbox 1187 2307 1379 2370; x_wconf 87' lang='lat' dir='ltr'>justitiae</span> <span class='ocrx_word' id='word_1_194' title='bbox 1423 2306 1812 2355; x_wconf 86' lang='lat' dir='ltr'>reformationem</span> 
     </span>
     <span class='ocr_line' id='line_1_27' title="bbox 396 2383 1811 2448; baseline 0.001 -18"><span class='ocrx_word' id='word_1_195' title='bbox 396 2383 693 2448; x_wconf 81' lang='lat' dir='ltr'>quaerebant,</span> <span class='ocrx_word' id='word_1_196' title='bbox 730 2384 1074 2442; x_wconf 87' lang='lat' dir='ltr'>intendebant,</span> <span class='ocrx_word' id='word_1_197' title='bbox 1113 2384 1296 2430; x_wconf 90' lang='lat' dir='ltr'>bonum</span> <span class='ocrx_word' id='word_1_198' title='bbox 1335 2384 1497 2430; x_wconf 88' lang='lat' dir='ltr'>divina</span> <span class='ocrx_word' id='word_1_199' title='bbox 1523 2384 1704 2447; x_wconf 86' lang='lat' dir='ltr'>justitia</span> <span class='ocrx_word' id='word_1_200' title='bbox 1736 2384 1811 2432; x_wconf 84' lang='lat' dir='ltr'>vel</span> 
     </span>
     <span class='ocr_line' id='line_1_28' title="bbox 395 2460 1809 2526; baseline 0.001 -19"><span class='ocrx_word' id='word_1_201' title='bbox 395 2460 621 2507; x_wconf 87' lang='lat' dir='ltr'>subtraxit</span> <span class='ocrx_word' id='word_1_202' title='bbox 658 2461 732 2508; x_wconf 87' lang='lat' dir='ltr'>vel</span> <span class='ocrx_word' id='word_1_203' title='bbox 768 2462 984 2525; x_wconf 85' lang='lat' dir='ltr'>negavit,</span> <span class='ocrx_word' id='word_1_204' title='bbox 1018 2478 1129 2507; x_wconf 91' lang='lat' dir='ltr'>cum</span> <span class='ocrx_word' id='word_1_205' title='bbox 1162 2462 1301 2508; x_wconf 93' lang='lat' dir='ltr'>unius</span> <span class='ocrx_word' id='word_1_206' title='bbox 1326 2460 1483 2507; x_wconf 79' lang='lat' dir='ltr'>Achan</span> <span class='ocrx_word' id='word_1_207' title='bbox 1508 2470 1705 2525; x_wconf 88' lang='lat' dir='ltr'>peccato</span> <span class='ocrx_word' id='word_1_208' title='bbox 1728 2462 1809 2526; x_wconf 91' lang='lat' dir='ltr'>qui</span> 
     </span>
     <span class='ocr_line' id='line_1_29' title="bbox 393 2536 1810 2600; baseline 0.003 -18"><span class='ocrx_word' id='word_1_209' title='bbox 393 2536 520 2583; x_wconf 92' lang='lat' dir='ltr'>solus</span> <span class='ocrx_word' id='word_1_210' title='bbox 543 2536 603 2583; x_wconf 92' lang='lat' dir='ltr'>de</span> <span class='ocrx_word' id='word_1_211' title='bbox 625 2537 925 2584; x_wconf 87' lang='lat' dir='ltr'>anathemate</span> <span class='ocrx_word' id='word_1_212' title='bbox 942 2536 1148 2597; x_wconf 88' lang='lat' dir='ltr'>Jericho‚</span> <span class='ocrx_word' id='word_1_213' title='bbox 1171 2536 1476 2584; x_wconf 89' lang='lat' dir='ltr'>inscientibus</span> <span class='ocrx_word' id='word_1_214' title='bbox 1495 2553 1691 2600; x_wconf 89' lang='lat' dir='ltr'>prorsus</span> <span class='ocrx_word' id='word_1_215' title='bbox 1719 2553 1810 2586; x_wconf 82' lang='lat' dir='ltr'>cae-</span> 
     </span>
     <span class='ocr_line' id='line_1_30' title="bbox 394 2614 1804 2675; baseline 0.001 -15"><span class='ocrx_word' id='word_1_216' title='bbox 394 2615 505 2661; x_wconf 89' lang='lat' dir='ltr'>teris</span> <span class='ocrx_word' id='word_1_217' title='bbox 524 2652 535 2672; x_wconf 87' lang='lat'>‚</span> <span class='ocrx_word' id='word_1_218' title='bbox 563 2625 770 2662; x_wconf 85' lang='lat' dir='ltr'>servarat</span> <span class='ocrx_word' id='word_1_219' title='bbox 789 2653 800 2675; x_wconf 91' lang='lat'>,</span> <span class='ocrx_word' id='word_1_220' title='bbox 828 2616 986 2675; x_wconf 90' lang='lat' dir='ltr'>multi,</span> <span class='ocrx_word' id='word_1_221' title='bbox 1017 2615 1145 2661; x_wconf 90' lang='lat' dir='ltr'>bona</span> <span class='ocrx_word' id='word_1_222' title='bbox 1168 2630 1251 2661; x_wconf 87' lang='lat' dir='ltr'>sua</span> <span class='ocrx_word' id='word_1_223' title='bbox 1275 2614 1539 2660; x_wconf 90' lang='lat' dir='ltr'>intentione</span> <span class='ocrx_word' id='word_1_224' title='bbox 1564 2614 1771 2662; x_wconf 90' lang='lat' dir='ltr'>frustrati</span> <span class='ocrx_word' id='word_1_225' title='bbox 1792 2651 1804 2673; x_wconf 92' lang='lat'>,</span> 
     </span>
     <span class='ocr_line' id='line_1_31' title="bbox 393 2689 1806 2753; baseline 0.001 -17"><span class='ocrx_word' id='word_1_226' title='bbox 393 2699 502 2738; x_wconf 91' lang='lat' dir='ltr'>ante</span> <span class='ocrx_word' id='word_1_227' title='bbox 533 2691 769 2737; x_wconf 90' lang='lat' dir='ltr'>civitatem</span> <span class='ocrx_word' id='word_1_228' title='bbox 799 2691 882 2737; x_wconf 89' lang='lat' dir='ltr'>Hai</span> <span class='ocrx_word' id='word_1_229' title='bbox 918 2690 1077 2738; x_wconf 91' lang='lat' dir='ltr'>hostili</span> <span class='ocrx_word' id='word_1_230' title='bbox 1104 2689 1261 2753; x_wconf 87' lang='lat' dir='ltr'>gladio</span> <span class='ocrx_word' id='word_1_231' title='bbox 1293 2690 1508 2736; x_wconf 87' lang='lat' dir='ltr'>exstincti</span> <span class='ocrx_word' id='word_1_232' title='bbox 1543 2689 1716 2737; x_wconf 87' lang='lat' dir='ltr'>fuerint</span> <span class='ocrx_word' id='word_1_233' title='bbox 1750 2707 1806 2738; x_wconf 86' lang='lat' dir='ltr'>ac</span> 
     </span>
     <span class='ocr_line' id='line_1_32' title="bbox 392 2767 643 2831; baseline 0 -18"><span class='ocrx_word' id='word_1_234' title='bbox 392 2767 643 2831; x_wconf 86' lang='lat' dir='ltr'>perempti.</span> 
     </span>
    </p>

    <p class='ocr_par' dir='ltr' id='par_1_3' title="bbox 457 2842 1803 2908">
     <span class='ocr_line' id='line_1_33' title="bbox 457 2842 1803 2908; baseline 0.001 -19"><span class='ocrx_word' id='word_1_235' title='bbox 457 2847 512 2890; x_wconf 88' lang='lat' dir='ltr'>Et</span> <span class='ocrx_word' id='word_1_236' title='bbox 547 2843 648 2891; x_wconf 88' lang='lat' dir='ltr'>haec</span> <span class='ocrx_word' id='word_1_237' title='bbox 678 2861 766 2908; x_wconf 92' lang='lat' dir='ltr'>pro</span> <span class='ocrx_word' id='word_1_238' title='bbox 798 2854 929 2891; x_wconf 86' lang='lat' dir='ltr'>tanto</span> <span class='ocrx_word' id='word_1_239' title='bbox 961 2844 1164 2890; x_wconf 87' lang='lat' dir='ltr'>diximus</span> <span class='ocrx_word' id='word_1_240' title='bbox 1200 2842 1262 2889; x_wconf 89' lang='lat' dir='ltr'>ad</span> <span class='ocrx_word' id='word_1_241' title='bbox 1292 2842 1600 2890; x_wconf 88' lang='lat' dir='ltr'>refellendam</span> <span class='ocrx_word' id='word_1_242' title='bbox 1632 2843 1803 2890; x_wconf 88' lang='lat' dir='ltr'>multo-</span> 
     </span>
    </p>
   </div>
   <div class='ocr_carea' id='block_1_3' title="bbox 2025 3175 2043 3470">
    <p class='ocr_par' dir='ltr' id='par_1_4' title="bbox 2025 3175 2043 3470">
     <span class='ocr_line' id='line_1_34' title="bbox 2025 3175 2043 3470; textangle 90"><span class='ocrx_word' id='word_1_243' title='bbox 2025 3288 2043 3470; x_wconf 43' lang='grc' dir='ltr'>ωιτν-»υτ</span> <span class='ocrx_word' id='word_1_244' title='bbox 2030 3204 2036 3282; x_wconf 36' lang='grc' dir='ltr'>ψ-»ἠ</span> <span class='ocrx_word' id='word_1_245' title='bbox 2035 3175 2036 3183; x_wconf 32' lang='lat'><em>⁴</em></span> 
     </span>
    </p>
   </div>
  </div>
 </body>
</html>
