2054 3470
417 316 493 352 208
781 314 1119 354 HISTORIARUM
1146 316 1383 354 LUDOVICI
1411 318 1469 354 XI

416 402 530 449 leste
565 403 741 468 petitur
778 413 825 451 et
864 400 1092 468 'quaeritur
1133 422 1355 469 regnum,
1400 405 1833 472 ecclesiasticasque

416 496 638 527 censuras
660 480 760 528 ullo
782 491 922 547 pacto
942 492 1173 531 temerare
1191 491 1496 549 praesumant,
1524 494 1833 533 contemnere

416 568 499 606 aut
519 558 715 607 violare.

869 746 1209 791 CAPITULUM
1242 747 1383 792 XXV.

416 881 610 925 Quomodo
626 894 689 916 rex
702 894 745 916 ex
762 880 898 916 Leodio
916 894 1077 916 reversus
1092 882 1130 916 in
1149 882 1336 918 Franciam
1351 882 1576 931 apprehendi
1595 892 1630 918 et
1652 884 1690 918 in
1713 897 1832 920 carce-

462 949 538 971 rem
555 936 646 971 mitti
664 936 746 971 fecit
762 948 865 971 suum
888 935 1106 972 cardinalem
1121 935 1410 984 Andegavensem
1427 945 1462 972 et
1481 937 1689 986 episcopum
1697 938 1836 976 Virdu—

464 1002 609 1025 nensem
622 992 632 1010 ¹
641 1018 649 1028 .

483 1113 828 1159 Consummato
854 1119 1012 1159 autem
1040 1112 1168 1159 urbis
1191 1111 1414 1159 incendio
1439 1122 1486 1159 et
1507 1130 1650 1178 poena
1674 1114 1834 1163 debita

417 1188 477 1235 de
511 1189 782 1252 foedifragis
801 1200 1016 1255 accepta,
1055 1189 1246 1237 illustris
1281 1191 1677 1255 Burgundionum
1708 1193 1830 1253 dux,

416 1267 580 1315 relicto
595 1268 642 1314 in
664 1278 789 1315 terra
805 1267 885 1315 illa
901 1268 1174 1316 Leodiensis
1191 1269 1353 1333 patriae
1368 1269 1618 1316 defensore
1634 1269 1834 1317 domino

417 1344 478 1391 de
499 1344 847 1405 Himbercoart,
873 1344 932 1391 ad
957 1346 1153 1411 propria
1175 1346 1433 1411 repedavit.

481 1425 776 1470 Francorum
808 1433 969 1470 autem
1002 1440 1110 1484 rex,
1144 1440 1257 1470 cum
1289 1423 1479 1471 rediens
1510 1423 1571 1471 de
1602 1424 1837 1489 praedictae

419 1499 547 1547 urbis
573 1501 781 1560 excidio,
810 1518 963 1566 prope
987 1502 1274 1548 Parisiorum
1298 1502 1470 1549 urbem
1493 1502 1746 1549 transitum
1769 1503 1837 1550 fa-

416 1589 565 1635 ceret,
596 1589 644 1625 et
669 1597 697 1627 a
725 1580 908 1627 cunctis
937 1580 1245 1627 aestimaretur
1270 1589 1321 1626 ut
1344 1579 1474 1627 illam
1498 1596 1634 1627 suam
1657 1580 1836 1644 regiam

415 1657 783 1720 insignissimam
814 1658 1048 1717 visitaret,
1085 1656 1179 1705 alio
1211 1658 1301 1704 iter
1329 1657 1522 1704 deflexit
1548 1677 1559 1704 :
1585 1674 1667 1705 seu
1697 1674 1834 1705 vere-

416 1734 590 1781 cundia
616 1745 662 1781 et
688 1735 865 1782 rubore
892 1735 1122 1795 suffusus,
1148 1735 1282 1799 quod
1306 1744 1404 1782 tam
1427 1735 1655 1782 infamem
1677 1745 1835 1784 actum

416 1820 463 1857 et
492 1821 624 1858 tanta
654 1812 906 1876 indignum
938 1812 1179 1875 majestate
1207 1811 1392 1873 fecisset
1419 1811 1547 1876 apud
1577 1811 1830 1870 Leodium,

404 1890 496 1934 vseu
515 1889 648 1952 quod
665 1906 865 1937 suorum
885 1888 1224 1936 officiariorum
1243 1888 1454 1952 ejusdem
1471 1887 1603 1934 urbis
1618 1887 1835 1952 querelas

417 1975 464 2012 et
487 1966 881 2030 exprobrationes
905 1965 1174 2026 verebatur,
1205 1981 1294 2030 pro
1318 1982 1377 2012 eo
1403 1964 1561 2029 quod,
1593 1964 1723 2029 apud
1746 1967 1833 2011 Pe-

416 2059 606 2102 ronam,
634 2060 742 2090 cum
763 2053 917 2090 tantas
939 2044 1246 2090 contraxisset
1267 2043 1429 2107 copias
1451 2052 1503 2089 ut
1522 2058 1835 2107 oppressurus

417 2120 812 2184 Burgundionum
836 2120 1009 2167 ducem
1029 2137 1234 2184 suosque
1257 2120 1390 2167 facile
1411 2129 1676 2185 putaretur,
1703 2118 1834 2166 nulla

417 2206 576 2244 tamen
590 2198 925 2260 congressione
940 2198 1076 2258 facta,
1091 2198 1224 2244 nullo
1237 2197 1414 2262 praelio,
1430 2196 1564 2243 nullo
1576 2196 1833 2243 certamine

417 2273 600 2334 habito,
620 2273 668 2319 in
686 2283 783 2320 tam
804 2284 965 2339 turpes
985 2284 1032 2321 et
1047 2291 1238 2321 coronae
1261 2290 1356 2321 suae
1375 2284 1474 2321 tam
1495 2268 1832 2339 praejudiciales

417 2352 548 2416 pacis
583 2350 885 2399 conditiones
914 2369 1025 2399 cum
1049 2351 1221 2399 eodem
1244 2351 1389 2413 duce,
1417 2368 1444 2399 a
1469 2367 1518 2398 se
1545 2350 1757 2415 expetitae
1787 2359 1833 2397 et

418 2445 530 2476 cum
553 2445 725 2492 magna
747 2430 970 2477 instantia
992 2430 1256 2496 postulatae,
1283 2427 1618 2476 descendisset.

484 2506 630 2564 Quod
649 2517 808 2553 autem
832 2507 892 2554 de
913 2507 987 2554 his
1004 2507 1103 2572 ipse
1121 2517 1381 2572 utcumque
1404 2504 1705 2553 erubesceret
1722 2505 1833 2552 satis

420 2583 719 2631 manifestum
750 2584 980 2632 indicium
1014 2585 1122 2647 fuit,
1165 2583 1297 2649 quod
1340 2583 1495 2631 edicto
1541 2581 1738 2648 publico
1780 2583 1831 2629 in

418 2662 519 2727 ipsa
541 2661 668 2726 regia
693 2660 812 2708 urbe
834 2661 1038 2709 inhiberi
1062 2662 1193 2723 fecit,
1223 2678 1284 2708 ne
1309 2660 1414 2726 quis
1435 2660 1510 2707 vel
1532 2659 1592 2707 de
1614 2675 1698 2706 sua
1722 2672 1832 2724 pro-

473 2823 491 2858 1
503 2849 512 2860 .
542 2819 723 2872 Chapitre
743 2818 875 2871 publie
890 2818 984 2857 dans
1002 2817 1276 2868 l’Amplissima
1295 2819 1479 2866 collectio,
1499 2825 1528 2855 t.
1550 2818 1616 2864 IV,
1636 2815 1711 2855 col.
1736 2817 1806 2854 761
1819 2845 1827 2853 .
