2054 3470
391 374 466 410 348
753 375 1093 413 HISTORIARUM
1119 378 1354 436 LUDovlcl
1381 380 1436 416 XI

391 461 619 509 ter-media
642 463 687 509 vi
714 463 785 509 vel
818 471 945 510 metu
969 464 1017 510 in
1044 463 1340 513 deditionem
1359 469 1638 532 recepisset,
1664 482 1711 520 et
1733 490 1761 521 a

390 548 647 586 extremam
691 540 1016 588 necessitatem
1059 541 1231 589 ducem
1259 545 1539 607 Burgundiae
1571 547 1794 598 deduxis-

390 626 474 664 set.
505 617 779 664 Abstulisset
801 619 929 665 enim
952 617 1041 664 sibi
1071 628 1116 666 et
1143 629 1435 668 commeatus
1454 631 1500 668 et
1522 623 1683 687 pabuli
1713 643 1796 675 co-

389 694 519 759 pias,
550 703 595 740 et
633 694 681 741 in
710 693 796 741 has
828 710 939 741 eum
965 694 1239 743 detrusisset
1271 699 1538 761 angustias,
1571 701 1731 765 quod,
1757 705 1795 752 si

389 782 634 837 premente
676 789 787 819 eum
831 782 972 837 atque
1016 783 1299 838 perurgente
1340 775 1475 824 famis
1519 780 1796 829 necessitate

315 883 318 887 .
388 858 538 896 castra
557 850 800 909 movisset,
822 849 897 896 vel
912 849 974 898 ad
999 860 1148 898 castra
1168 850 1556 914 Alemannorum,
1576 856 1652 903 vel
1673 859 1796 921 regis

389 926 680 972 Francorum
706 925 1021 990 expugnanda
1038 942 1388 990 progressurus,
1411 945 1596 994 semper
1613 947 1639 978 a
1663 941 1794 997 tergo

389 1000 638 1048 alterutras
657 1036 669 1059 ‚
703 1001 777 1047 vel
806 1003 1181 1062 Germanorum,
1216 1003 1292 1050 vel
1318 1007 1606 1053 Francorum
1634 1010 1795 1074 copias

388 1092 415 1121 e
456 1075 650 1139 vestigio
697 1076 997 1140 insequentes
1043 1076 1306 1137 habuisset3
1359 1095 1561 1142 quarum
1603 1082 1795 1146 singulae

388 1153 593 1200 exercitu
624 1153 760 1201 ducis
794 1154 1144 1202 numerosiores
1170 1155 1312 1219 longe
1344 1166 1500 1219 erant,
1528 1166 1575 1204 et
1595 1159 1657 1206 ad
1678 1177 1795 1208 con-

388 1230 701 1295 grediendum
734 1241 877 1299 atque
906 1232 1233 1280 dimicandum
1255 1250 1367 1280 cum
1393 1243 1490 1281 tam
1519 1251 1667 1303 parvo
1704 1254 1796 1285 nu-

388 1325 521 1356 mero
545 1309 796 1357 validiores
819 1319 865 1357 et
894 1308 1187 1357 robustiores
1209 1309 1269 1357 ab
1292 1310 1518 1358 omnibus
1540 1312 1686 1360 ferme
1708 1330 1795 1379 pu-

389 1385 627 1434 tabantur.
1351 1395 1354 1399 ’

453 1465 623 1527 Atqui,
663 1464 788 1511 inter
829 1473 981 1512 tantas
1024 1481 1161 1512 curas
1201 1474 1344 1529 atque
1393 1467 1656 1530 angustias,
1701 1468 1795 1516 dux

386 1544 486 1607 ipse
511 1541 905 1606 Burgundionum
926 1578 938 1602 ,
971 1541 1100 1589 velut
1121 1542 1409 1607 impavidus,
1437 1544 1489 1589 in'
1516 1544 1679 1592 castris
1701 1546 1796 1593 suis

386 1620 621 1666 immotis¹
656 1619 908 1679 manebat,
952 1619 1212 1667 adhortans
1254 1636 1364 1667 suos
1388 1620 1450 1668 ad
1480 1624 1796 1672 constantiam

377 1684 711 1761 ‘pollicensque
734 1696 866 1761 quod
883 1733 895 1755 ,
923 1698 961 1744 si
994 1697 1253 1762 imperator
1275 1713 1386 1744 cum
1420 1699 1516 1746 suis
1547 1701 1795 1748 Germanis

385 1774 487 1837 (qui
509 1773 668 1821 medio
701 1775 868 1821 itinere
902 1775 1024 1821 inter
1053 1773 1302 1821 Coloniam
1327 1785 1373 1822 et
1395 1775 1610 1829 Nussiam
1642 1787 1793 1825 castra

387 1861 589 1899 metatus
610 1862 733 1913 erat,
760 1852 807 1898 in
827 1851 1000 1916 quibus
1021 1868 1106 1917 per
1130 1852 1287 1917 plures
1316 1853 1529 1900 constitit
1550 1853 1668 1916 dies)
1688 1871 1792 1902 mo-

387 1944 500 1975 vens
528 1929 640 1976 inde
671 1929 867 1994 propius
903 1938 1055 1976 castra
1087 1945 1171 1976 sua
1201 1930 1631 1994 appropinquaret,
1661 1932 1793 1995 quod

386 2023 484 2053 non
516 2017 806 2072 exspectaret
830 1999 964 2071 quod
988 2023 1073 2054 sua
1101 2017 1252 2054 castra
1266 2008 1400 2071 juxta
1423 2023 1507 2055 sua
1525 2010 1792 2056 communi-

386 2086 506 2145 ret²,
541 2084 625 2131 sed
671 2085 803 2149 prior
839 2085 994 2148 ipsum
1031 2084 1226 2131 viriliter
1250 2084 1611 2148 aggrederetur,
1650 2102 1793 2150 quam

385 2160 474 2208 sibi
493 2163 619 2207 Deus
637 2161 771 2207 daret
795 2161 1034 2208 fortunam
1057 2171 1350 2226 experturus.
1424 2208 1426 2210 .

439 2309 476 2343 1.
509 2305 636 2343 ΡΙιιῐόῑ
653 2308 837 2356 immotus,
861 2319 1009 2345 comme
1028 2306 1232 2355 ‹zi-dessus,
1255 2322 1293 2359 p.
1319 2310 1408 2347 339.

438 2366 476 2402 2.
507 2366 539 2402 Il
557 2378 582 2416 y
597 2377 619 2402 a
636 2364 729 2403 dans
752 2365 786 2402 le
805 2378 876 2405 ms,
895 2367 1019 2404 coiter.
