2054 3470
417 378 495 416 134
704 411 708 415 .
781 374 1123 414 HISTORIARUM
1149 374 1388 414 LUDOVICI
1413 376 1471 414 xl

482 465 578 524 Qui
614 465 757 512 etiam
795 463 1111 512 Dinantenses
1146 463 1196 510 in
1227 473 1413 511 tantum
1451 465 1753 530 procacitatis
1782 478 1831 516 et

414 542 616 591 vesaniae
638 550 997 607 proruperunt,
1038 550 1092 588 ut
1117 541 1217 587 ausi
1256 541 1352 588 sint
1378 541 1684 591 simulacrum
1716 560 1832 609 prae·

416 621 498 668 sati
541 619 732 667 illustris
766 619 954 673 comitis
986 618 1049 666 de
1086 618 1331 665 Clzalorois
1357 620 1408 666 in
1446 619 1640 684 publica
1674 621 1831 686 platea

412 697 486 745 sui
507 697 721 762 oppidi¹,
755 705 915 744 erecto
937 695 1181 761 patibu10‚
1213 696 1531 761 suspendere,
1565 707 1612 746 et
1638 699 1829 764 publice

412 775 711 841 proclamare
754 784 801 821 et
847 772 1101 821 decantare
1141 774 1347 822 irrisorie
1386 791 1472 840 per
1502 785 1658 823 totum
1686 794 1828 826 suum

411 852 676 918 oppidum;
728 861 776 899 et
805 852 1045 899 orationes
1080 860 1128 898 et
1160 851 1381 916 suffragia
1412 870 1501 918 pro
1534 854 1635 917 ejus
1667 855 1829 904 anima

411 931 597 991 fierent,
622 930 733 995 qui²
759 930 810 977 in
837 928 1053 994 patibulo
1078 929 1345 993 Parisiensi‚
1375 931 1505 979 dicto
1530 932 1830 981 Mons-falco-

409 1010 524 1069 nis',
548 1024 805 1074 suspensus
826 1007 964 1055 foret.
991 1006 1136 1065 Quod
1157 1023 1303 1072 quam
1321 1025 1490 1056 verum
1505 1019 1644 1069 esset,
1663 1026 1829 1075 quam-

410 1103 504 1151 que
531 1086 583 1134 id
613 1085 675 1134 ab
706 1085 819 1151 ipsis
855 1085 1128 1132 stultissime
1161 1094 1303 1148 atque
1341 1086 1638 1134 insanissime
1667 1096 1827 1136 actum

408 1162 662 1223 exstiterit,
699 1162 815 1227 ipsi,
848 1160 1070 1208 nondum
1093 1177 1290 1209 emenso
1315 1162 1488 1210 exinde
1514 1163 1630 1211 anni
1655 1163 1827 1229 integri

408 1239 648 1288 curriculo
666 1277 679 1302 ,
711 1255 798 1287 suo
821 1248 965 1302 atque
987 1239 1062 1286 sui
1078 1239 1406 1304 superbissimi
1429 1238 1598 1305 oppidi
1619 1240 1762 1288 exitio
1780 1250 1828 1288 et

406 1317 634 1365 incendio
662 1315 1067 1382 comprobarunt,
1089 1325 1142 1364 ut
1158 1326 1326 1382 postea
1343 1334 1432 1365 suo
1453 1318 1564 1365 loco
1587 1318 1732 1366 etiam
1755 1335 1830 1367 re-

408 1394 631 1443 feremus.

892 1603 1237 1651 CAPITULUM
1270 1605 1350 1650 IX.

405 1743 459 1777 De
474 1741 671 1777 resistentia
687 1741 778 1776 facta
789 1738 1049 1775 Leodiensibus
1062 1751 1128 1787 per
1140 1738 1271 1775 ducem
1283 1739 1520 1786 Burgundiae3
1533 1748 1568 1776 et
1581 1741 1828 1788 pacificatione

450 1795 543 1831 inter
558 1808 677 1843 regem
693 1804 727 1830 et
741 1794 942 1843 principes;
959 1803 994 1829 et
1008 1793 1126 1829 reditu
1143 1795 1281 1830 comitis
1297 1794 1343 1830 de
1366 1795 1540 1831 Charolois
1554 1795 1601 1830 ad
1615 1804 1724 1832 terras
1746 1795 1826 1846 [pa-

451 1850 515 1884 tris
529 1847 599 1898 sui]
607 1864 618 1895 ;
637 1857 671 1884 et
685 1848 885 1884 defectione
900 1847 1002 1884 ducis
1015 1849 1190 1884 Borbonii
1203 1861 1226 1884 a
1241 1848 1372 1884 caeteris
1386 1848 1608 1896 principibus
1617 1849 1647 1887 ⁴.

471 1970 617 2034 Igitur
653 1986 766 2017 cum
807 1968 922 2016 dicti
962 1967 1256 2016 stolidissimi
1289 1967 1541 2017 Eburones
1578 1970 1677 2017 sive
1710 1973 1826 2019 Leo-

408 2047 612 2106 dienses,
636 2058 781 2113 rupto
803 2047 1205 2095 inconsultissime
1226 2063 1323 2094 suae
1343 2048 1474 2112 pacis
1496 2056 1543 2095 et
1565 2049 1828 2113 tranquilli-

407 2125 514 2172 tatis
538 2124 743 2182 foedere‚
779 2141 867 2189 per
891 2140 1052 2189 regem
1074 2122 1234 2171 adhuc
1255 2124 1434 2171 incitati
1465 2133 1513 2172 et
1541 2124 1778 2174 sollicitati
1791 2128 1828 2188 ἰ

461 2281 499 2318 ¹.
529 2281 616 2318 Non
635 2292 704 2331 pas
721 2278 817 2318 dans
835 2278 1050 2317 l’1nte11eur
1065 2278 1113 2317 de
1129 2277 1168 2317 la
1183 2278 1292 2327 ville,
1311 2279 1420 2317 selon
1436 2280 1600 2330 Jacques
1616 2277 1823 2330 nacla-eq,

406 2339 502 2378 mais
517 2352 567 2378 au
586 2339 749 2387 dehorS,
770 2339 819 2378 de
840 2338 1013 2378 maniere
1028 2340 1051 2376 a
1070 2339 1152 2377 etie
1169 2352 1243 2378 vus
1263 2337 1312 2376 de
1330 2351 1430 2377 ceux
1452 2338 1501 2377 de
1522 2338 1715 2377 Bouvines
1725 2338 1825 2390 ,qui

405 2407 462 2439 est
479 2411 557 2437 une
575 2399 694 2451 petite
714 2399 807 2438 ville
827 2398 949 2438 situee
966 2398 1015 2436 de
1033 2396 1059 2436 l'
1062 2405 1173 2437 autre
1191 2397 1276 2437 cote
1294 2397 1344 2436 de
1363 2397 1401 2436 la
1419 2400 1576 2446 Meuse,
1594 2405 1633 2436 et
1650 2397 1753 2438 alors
1770 2398 1825 2437 du

407 2458 588 2498 domaine
606 2458 660 2496 du
679 2458 755 2496 duc
774 2458 823 2497 de
840 2461 1087 2511 Bourgogne.

459 2520 499 2557 2.
530 2518 736 2557 Peut-etre
765 2523 891 2568 quasi.

460 2579 501 2616 3.
531 2577 796 2615 Montfaucon.

460 2639 500 2676 4.
529 2636 709 2688 Chapitre
727 2635 860 2688 public
878 2636 973 2675 dans
991 2636 1267 2687 l'Amplissima
1285 2637 1468 2685 collectio,
1488 2643 1517 2675 t.
1537 2638 1606 2687 lv,
1628 2636 1705 2676 col.
1728 2639 1820 2677 746.

462 2698 502 2737 5.
528 2697 665 2734 Adhuc
684 2704 741 2734 est
759 2695 807 2734 de
827 2704 914 2748 trop
933 2695 1028 2734 dans
1046 2696 1085 2734 la
1102 2696 1266 2748 phrase;
1292 2695 1320 2733 il
1345 2694 1514 2734 faudrait
1530 2695 1656 2748 plutot
1678 2706 1720 2735 ut
1736 2699 1823 2735 dic-

407 2766 483 2795 tum
506 2766 575 2794 est.
603 2756 636 2794 Il
653 2768 703 2794 ne
722 2755 833 2808 s'agit
849 2767 917 2808 pas
937 2755 986 2794 de
1004 2756 1206 2795 nouvelles
1227 2755 1452 2794 demarches
1476 2755 1585 2805 faites
1603 2769 1674 2808 par
1691 2756 1730 2795 le
1746 2756 1821 2797 roi.

406 2820 479 2856 Les
506 2815 683 2870 Liegeois
707 2815 913 2868 agissaient
934 2829 984 2855 en
1003 2825 1116 2855 vertu
1133 2816 1187 2855 du
1205 2814 1315 2855 traite
1332 2815 1446 2866 qu’ils
1468 2815 1622 2854 avaient
1639 2815 1708 2854 fait
1728 2827 1824 2855 avec

407 2876 461 2915 lui
481 2875 651 2928 pendant
666 2875 706 2914 la
728 2888 867 2927 guerre
885 2875 937 2914 du
955 2876 1048 2915 Bien
1066 2875 1198 2928 public
1210 2905 1221 2923 ,
1247 2883 1285 2914 et
1304 2875 1397 2914 dont
1413 2875 1439 2914 il
1462 2889 1486 2915 a
1503 2876 1562 2915 ete
1579 2876 1687 2928 pai-le
1705 2875 1822 2915 d’une
