2054 3470
758 362 903 399 LIBER
928 362 1146 399 TERTIUS.
1584 364 1660 400 267

246 458 375 508 tum,
399 448 553 496 dilatis
573 449 773 496 nimium
802 448 974 496 debitis
997 448 1376 513 provisionibus,
1398 465 1473 495 res
1494 466 1663 513 proce-

247 525 438 583 derent,
466 541 551 572 vn.
578 522 656 573 die
683 525 896 589 ejusdem
925 525 1124 586 mensis,
1152 526 1304 572 movit
1326 542 1376 572 se
1397 541 1508 572 cum
1531 542 1663 573 exer-

247 606 365 665 citu,
396 616 559 652 versus
587 613 744 669 partes
774 604 876 651 illas
899 602 1229 668 proficiscens;
1263 613 1310 650 et
1341 603 1419 650 die
1450 603 1664 666 ejusdem

247 681 420 730 mensis
434 697 540 728 'xvh
568 681 630 728 ad
652 682 888 729 civitatem
910 698 1044 728 suam
1068 681 1475 729 Conventrensem
1508 680 1662 745 appli-

246 759 359 807 cuit.
386 761 438 805 In
462 773 555 822 qua
579 775 689 805 cum
717 769 864 820 esset,
897 758 1075 806 solatiis
1102 757 1336 805 uberioris
1366 757 1664 822 procur-atio-

246 837 319 884 nis
336 845 384 884 et
403 851 608 883 annonae
625 853 765 883 suum
786 837 1014 884 recreavit
1037 836 1314 883 exercitum.
1473 844 1476 847 '

310 913 422 978 Ejus
436 912 600 960 audito
620 914 682 961 ab
701 913 791 961 illis
809 914 958 961 turbis
977 914 1311 961 seditiosorum
1332 913 1559 973 adventu,
1578 923 1667 960 sta-

245 991 331 1039 tim
360 1007 528 1038 omnes
554 990 631 1038 vel
654 991 715 1039 ad
743 992 936 1057 propria
959 991 1199 1039 domicilia
1218 1028 1229 1049 ‚
1256 991 1330 1038 vel
1353 991 1539 1038 diversa
1565 990 1667 1038 lati-

244 1069 359 1118 bula
392 1069 710 1117 defluxerunt.
746 1071 883 1136 Capti
919 1080 1079 1118 autem
1116 1070 1307 1116 fuerunt
1340 1069 1567 1116 dominus
1606 1069 1667 1116 de

247 1147 443 1194 Cannis¹
466 1157 512 1194 et
541 1148 761 1195 nonnulli
794 1148 874 1195 a'lii
909 1147 1199 1195 seditionum
1230 1157 1476 1207 auctores3
1508 1147 1669 1212 plures

248 1240 362 1272 vero
388 1223 450 1271 ad
473 1241 656 1289 regem,
681 1225 741 1273 ad
763 1225 1105 1290 postulandum
1131 1242 1221 1290 pro
1243 1225 1409 1273 erratis
1437 1241 1572 1272 suam
1601 1225 1670 1271 in-

249 1300 543 1365 dulgentiam
565 1312 708 1366 atque
726 1303 1051 1364 clementiam,
1073 1303 1387 1365 destinantes,
1411 1319 1517 1350 eam
1539 1303 1669 1350 inve-

250 1379 354 1427 nire
377 1389 423 1427 et
445 1381 608 1427 omnia
630 1381 722 1428 sibi
744 1381 1010 1429 condonari
1034 1390 1325 1428 meruerunt.

315 1459 444 1504 Dum
467 1468 628 1505 autem
654 1469 814 1523 ageret
840 1469 1197 1524 occupatusque
1222 1475 1304 1506 rex
1327 1457 1576 1506 Edoardus
1598 1475 1672 1506 es-
1735 1452 1739 1455 ¹

252 1545 324 1582 set
359 1535 417 1581 ad
454 1536 820 1602 componendos
857 1546 1017 1584 motus
1051 1537 1311 1584 insolentes
1344 1553 1543 1598 eorum,
1588 1538 1671 1602 qui

252 1611 508 1659 adversum
546 1629 596 1660 se
643 1613 938 1661 rebellabant
979 1615 1105 1661 circa
1140 1623 1296 1679 partes
1333 1613 1577 1675 borealeS,
1620 1625 1673 1662 ut

252 1688 479 1749 diximus,
504 1707 670 1737 rumor
698 1691 758 1737 ad
790 1708 902 1738 eum
936 1691 996 1739 de
1027 1691 1118 1739 alja
1149 1691 1301 1739 multo
1332 1691 1673 1757 periculosiore

251 1767 542 1831 populorum
566 1768 915 1816 insurrectione
935 1779 1101 1816 contra
1129 1786 1178 1816 se
1194 1807 1206 1830 ,
1238 1770 1286 1815 in
1312 1768 1525 1834 partibus
1549 1771 1673 1817 Can-

253 1843 368 1903 tiae’,
394 1844 603 1909 perlatus
623 1854 708 1892 est.
738 1845 947 1903 Quidam
968 1847 1098 1893 enim
1129 1846 1395 1911 appellatus
1422 1846 1674 1914 Rastardus

252 1919 314 1967 de
349 1921 757 1988 Folchenberghffl,
788 1923 939 1970 homo
971 1923 1032 1971 ad
1060 1923 1309 1970 latrocinia
1340 1933 1388 1970 et
1418 1923 1674 1971 seditiones

252 1997 400 2046 facilis
415 2014 471 2045 ac
487 2010 756 2064 promptus,
779 2001 827 2047 in
846 2001 1013 2048 Cantia
1032 2000 1267 2064 adjunctis
1283 2000 1373 2047 sibi
1385 2000 1674 2065 quibusdam

256 2092 311 2123 ex
334 2075 652 2140 stipendiariis
674 2077 841 2142 oppidi
864 2077 1172 2138 Calisiensis⁴,
1196 2077 1413 2142 pluribus
1435 2078 1593 2125 nautis
1612 2088 1677 2125 at-

256 2168 350 2218 que
371 2152 556 2217 piratis,
575 2153 764 2218 plebem
786 2154 915 2202 illam
939 2156 1138 2210 Cantiae,
1160 2155 1437 2219 hujusmodi
1462 2155 1676 2203 factioni-

255 2229 348 2277 bus
370 2238 417 2276 et
440 2231 847 2278 commotionibus
877 2232 986 2278 satis
1013 2248 1219 2297 pronam
1248 2242 1295 2279 et
1326 2242 1588 2291 assuetam,
1622 2233 1674 2280 in

258 2322 390 2354 arma
418 2308 700 2368 concitavit,
740 2318 787 2355 et
827 2310 1093 2372 aggregavit
1132 2309 1486 2356 multitudinem
1525 2326 1675 2374 usque

260 2383 322 2430 ad
354 2383 520 2431 decem
551 2395 597 2431 et
631 2394 742 2431 octo
767 2385 912 2433 millia
946 2385 1250 2434 bellatorum.
1288 2387 1381 2444 Qui
1412 2388 1672 2447 venientes,

261 2459 338 2507 die
349 2477 431 2507 111.
452 2462 628 2508 mensis
643 2463 755 2509 maii
767 2463 980 2528 praedicti
992 2500 1004 2524 ,
1024 2473 1134 2511 ante
1147 2465 1387 2512 civitatem
1405 2464 1677 2512 Londonia-

317 2617 356 2654 1.
384 2614 680 2655 Probablement
708 2621 868 2668 Cumae,
896 2633 1045 2657 comme
1071 2619 1167 2658 dans
1193 2620 1231 2659 la
1258 2621 1423 2660 relation
1451 2620 1639 2672 francaise
1662 2634 1670 2657 :

268 2691 283 2708 α
307 2677 362 2712 Le
379 2676 558 2727 seigneur
576 2676 623 2715 de
641 2679 792 2717 Camus.
819 2696 836 2712 n
859 2679 1037 2732 Dugdale
1055 2680 1151 2718 ecrit
1172 2693 1215 2719 ce
1230 2694 1339 2729 nom,
1361 2684 1521 2720 Camois.

319 2736 358 2771 2.
387 2737 441 2772 Le
458 2747 552 2785 pays
569 2735 617 2774 de
635 2739 752 2775 Kent.

319 2797 356 2831 3.
386 2797 440 2832 Le
457 2794 591 2833 batard
610 2796 657 2835 de
673 2797 965 2850 Falconbridge,
986 2799 1151 2837 Thomas
1169 2799 1314 2838 Pewiu.

319 2855 359 2892 ⁴.
387 2855 446 2891 De
469 2853 605 2893 Calais.
831 2888 834 2890 ,
