2054 3470
778 352 925 390 LIBER
955 351 1140 389 PRIMUS
1147 380 1156 388 .
1642 352 1693 389 25

277 452 325 490 et
357 441 575 490 nondum
605 440 841 488 obductas
868 438 1107 486 cicatrices
1135 437 1308 486 talibus
1331 439 1504 486 iterum
1524 440 1694 488 vulne-

277 519 408 567 ribus
427 518 745 567 sauciabatur.
771 516 864 563 Sed
887 532 976 563 nec
1005 531 1059 562 ea
1083 515 1278 580 quidem
1302 532 1471 563 recens
1500 516 1694 566 inventa

277 612 586 644 nummorum
610 594 887 659 aucupatio,
924 593 1219 658 praecipuum
1242 593 1419 640 vulnus
1442 604 1543 641 erat
1561 596 1694 660 quod

275 691 422 740 regno
459 684 601 739 atque
637 673 888 738 regnicolis
926 672 1188 719 afferretur.
1238 674 1351 718 Erat
1394 672 1524 719 enim
1565 673 1695 721 aliud

276 753 416 816 longe
437 751 766 817 perniciosius,
796 749 946 815 quod,
971 749 1264 814 frequentius
1287 750 1459 798 amotis
1482 749 1695 797 honestis

274 839 416 894 atque
438 829 628 876 idoneis
646 828 884 894 personis,
919 844 1023 892 quae
1042 836 1241 892 perante
1264 826 1313 873 in
1349 826 1518 874 officiis
1555 828 1695 874 mini-

274 916 515 966 strassent,
547 906 624 953 vel
648 922 775 970 quae,
806 904 1117 952 suffarcinatae
1143 920 1262 951 auro
1290 913 1434 967 atque
1470 914 1692 968 argento,

273 983 441 1032 loculis
463 994 606 1049 atque
628 983 881 1049 marsupiis
899 982 1105 1048 repletis,
1129 981 1321 1029 aculeos
1345 982 1506 1029 minus
1527 984 1698 1048 pungi-

275 1062 397 1110 tivos
431 1061 777 1125 mordacesque
805 1060 1071 1126 praedarum
1096 1060 1195 1123 jam
1225 1059 1482 1118 haberent,
1515 1060 1574 1107 ad
1604 1060 1696 1108 hu-

269 1138 539 1203 juscemodi
562 1138 997 1186 administrationes
1016 1147 1158 1202 atque
1183 1136 1342 1185 officia
1361 1137 1698 1202 indignissimae

274 1232 330 1263 ac
371 1216 607 1264 vilissimae
642 1215 925 1281 plerumque
959 1214 1326 1263 assumebantur
1359 1232 1574 1281 personae
1595 1254 1607 1276 ,
1651 1226 1698 1264 et

274 1309 379 1357 quae
393 1302 491 1340 tam
508 1292 749 1340 famelicas
770 1293 1076 1357 sitientesque
1098 1292 1366 1357 praedarum
1384 1309 1485 1339 sese
1502 1292 1698 1340 exhibe-

275 1379 410 1431 rent,
436 1379 490 1417 ut
512 1387 611 1417 non
646 1370 774 1418 aliud
804 1371 878 1434 agi
903 1387 1048 1435 quam
1081 1387 1318 1436 pauperes
1340 1370 1604 1435 regnicolas
1623 1372 1697 1418 lu-

276 1463 451 1511 porum
479 1456 562 1494 aut
592 1449 953 1495 saevissimarum
980 1448 1186 1495 ferarum
1215 1449 1465 1496 voracitati
1498 1450 1694 1514 exponi,

277 1526 432 1589 putari
455 1526 702 1590 potuisset.

344 1601 618 1648 Delectabat
637 1619 798 1666 regem
815 1602 918 1648 illos
941 1601 1109 1649 ordine
1124 1601 1489 1667 honoribusque
1506 1619 1700 1650 movere

279 1694 334 1725 ac
361 1678 646 1738 destituere,
681 1679 763 1743 qui
798 1679 909 1744 ipsis
946 1678 1035 1725 sub
1070 1689 1205 1744 patre
1237 1696 1325 1726 suo
1361 1679 1486 1727 hene
1520 1679 1699 1727 eisdem

279 1755 430 1802 functi
455 1755 666 1813 fuissent,
694 1757 832 1821 eique
855 1757 952 1804 cari
965 1757 1267 1804 exstitissent.
1291 1757 1432 1805 Unde
1451 1758 1608 1805 statim
1631 1757 1701 1804 vi-

278 1847 387 1878 rum
409 1832 731 1879 venerabilem
755 1833 1009 1880 dominum
1031 1833 1342 1880 Guillelmum
1362 1835 1618 1895 Juvenalis,
1639 1834 1700 1881 de

280 1909 467 1956 Parisiis
492 1909 753 1956 oriundum
771 1948 782 1969 ,
809 1911 892 1975 qui
916 1910 1007 1958 sub
1032 1920 1167 1976 patre
1193 1928 1281 1958 suo
1304 1911 1438 1975 regni
1461 1910 1701 1958 cancella-

278 1986 398 2034 riam
428 1982 783 2035 >honorabiliter
818 1989 956 2035 annis
997 1988 1146 2035 ferme
1181 1989 1346 2053 viginti
1380 1989 1456 2036 vel
1494 1990 1702 2054 amplius

278 2073 477 2125 rexerat,
504 2074 552 2111 et
574 2064 787 2112 similiter
817 2067 1026 2131 primum
1062 2067 1203 2113 curiae
1228 2067 1511 2114 Parlamenti
1543 2068 1700 2132 praesi-

279 2140 498 2202 dentem,
542 2143 768 2202 mutavit,
809 2143 911 2190 aliis
948 2143 996 2190 in
1036 2160 1205 2190 eorum
1238 2143 1399 2191 locum
1440 2144 1649 2193 suffectis
1667 2149 1696 2192 ¹.

279 2220 515 2283 Cumque,
541 2219 630 2267 sibi
655 2220 924 2280 suadendo,
944 2221 1187 2268 interdum
1213 2238 1241 2268 a
1263 2223 1509 2270 nonnullis
1527 2223 1574 2269 in
1600 2240 1700 2271 me-

280 2296 480 2342 moriam
505 2308 809 2344 revocaretur
831 2298 1035 2362 qualiter
1057 2308 1196 2364 pater
1218 2316 1332 2347 suus
1359 2300 1425 2347 sic
1440 2298 1516 2346 vel
1538 2300 1622 2361 sic,
1651 2301 1701 2347 in

279 2373 418 2420 variis
440 2375 644 2437 negotiis
668 2385 715 2422 et
736 2376 890 2422 causis
908 2413 920 2435 ,
946 2377 1169 2424 consulto
1197 2387 1244 2424 et
1266 2377 1444 2425 utiliter
1466 2395 1524 2446 se.
1538 2379 1702 2442 gessis-

280 2500 380 2548 lent‚
401 2515 468 2540 sur
487 2502 602 2555 peine
629 2503 678 2542 de
703 2503 844 2555 perdre
871 2504 977 2542 leurs
1005 2505 1157 2553 offices3
1184 2513 1221 2544 et
1246 2504 1327 2544 s’ilz
1352 2506 1389 2545 le
1413 2508 1540 2546 celent
1557 2515 1597 2546 et
1613 2507 1641 2545 il
1661 2521 1702 2546 se

282 2559 409 2611 puisse
423 2562 574 2611 scavoir
587 2575 659 2614 par
674 2571 817 2612 autres,
836 2564 950 2602 ceulx
968 2576 1035 2615 qui
1052 2562 1090 2602 le
1108 2565 1330 2603 reveleront
1348 2574 1487 2604 auront
1502 2566 1702 2605 lesosfices

283 2617 331 2656 de
346 2631 443 2657 ceux
460 2621 554 2670 qu'il
569 2630 709 2660 auront
724 2622 868 2661 revele.
891 2640 907 2656 n
925 2626 1078 2660 Recueil
1093 2625 1288 2675 Legrand‚
1305 2632 1333 2663 t.
1353 2627 1426 2674 IX,
1447 2638 1525 2664 aux
1539 2639 1632 2665 mss.
1653 2625 1702 2663 de

283 2675 321 2714 la
337 2677 436 2717 Bibl.
456 2679 550 2731 imp.

338 2738 375 2776 1.
408 2738 623 2779 Guillaume
634 2742 822 2781 Jouvenel
836 2742 902 2782 des
918 2744 1071 2791 Ursins‚
1092 2745 1324 2796 chancelier‚
1347 2747 1403 2785 fut
1420 2745 1614 2798 remplace
1633 2759 1703 2797 par

284 2795 414 2834 Pierre
435 2797 484 2836 de
511 2800 762 2850 Morvilliers,
791 2810 829 2840 et
851 2805 956 2841 Yves
974 2804 1023 2842 de
1042 2805 1241 2857 Scepeaux
1256 2837 1265 2855 ,
1291 2806 1461 2858 premier
1482 2805 1701 2858 president,

284 2867 355 2907 par
371 2850 455 2895 Elie
472 2856 521 2896 de
537 2861 748 2900 Tourettes.
1066 2858 1070 2861 ¹
