2054 3470
696 343 841 380 LIBER
878 342 1096 379 TERTIUS.
1528 342 1600 378 281

201 446 308 478 suas
328 430 527 478 restituit
543 439 590 476 et
611 430 781 476 reverti
797 429 1087 493 procuravit,
1110 428 1222 475 licet
1245 428 1434 475 easdem
1454 445 1482 476 a
1498 446 1606 493 rege

201 508 248 554 in
281 515 583 570 augmentum
617 521 712 551 suae
742 505 977 570 portionis
1014 504 1148 551 dono
1184 504 1460 569 accepisset.
1499 508 1607 552 Haec

202 593 359 631 autem
383 583 533 629 facere
553 591 745 646 putatus
767 591 853 643 est,
870 591 1119 647 propterea
1145 581 1278 646 quod
1296 581 1426 628 idem
1446 598 1608 629 comes

205 659 455 707 Arminiaci
477 660 549 705 vir
566 659 832 720 animosus,
855 669 901 706 et
920 660 968 705 in
988 658 1130 706 rebus
1149 658 1329 706 bellicis
1348 658 1505 706 valere
1526 659 1609 706 ali-

202 737 318 802 quid
333 737 658 784 aestimaretur.
679 740 750 784 De
773 753 870 801 quo
895 737 1010 801 quia
1028 736 1206 801 aliquid
1231 736 1291 784 de
1313 753 1373 784 eo
1392 736 1583 784 dicendi
1598 738 1609 760 ¹

203 829 331 860 nunc
351 829 401 860 se
425 814 756 877 opportunitas
779 813 975 871 obtulit,
1003 814 1212 860 narratio
1234 813 1490 877 aliquando
1510 813 1610 879 ple-

202 890 309 937 nior
331 889 552 938 habenda
570 901 656 938 est.

267 969 439 1014 Comes
460 968 590 1015 enim
623 969 729 1027 iste,
757 968 817 1016 de
842 978 997 1016 vetere
1030 969 1251 1034 prosapia
1283 978 1330 1016 et
1356 968 1510 1016 nobili
1545 969 1610 1016 fa-

203 1044 332 1092 milia
354 1046 585 1093 comitum
617 1046 869 1093 Arminiaci
890 1046 1261 1112 appellatorum,
1287 1048 1336 1094 in
1358 1047 1507 1095 domo
1539 1064 1612 1094 re·

203 1123 272 1186 gis
299 1123 454 1170 Caroli
482 1126 588 1182 vlt,
613 1123 913 1183 adolescens,
938 1125 1126 1171 vivente
1152 1134 1309 1189 patre,
1335 1125 1544 1188 nutritus
1567 1137 1615 1172 et

203 1199 432 1248 educatus
455 1200 540 1247 fuit
550 1202 580 1247 ².
605 1200 750 1264 Cujus
774 1217 990 1248 sororem
1015 1210 1262 1266 acceperat
1284 1202 1332 1248 in
1361 1202 1614 1266 conjugem

205 1276 300 1324 dux
326 1277 606 1325 Alenconii⁸.
624 1279 814 1325 Mortuo
837 1288 996 1326 autem
1021 1288 1153 1343 patre
1174 1281 1307 1341 suo‘‚
1324 1295 1437 1326 cum
1460 1289 1615 1345 pater-

206 1371 317 1401 nam
349 1354 540 1402 adiisset
570 1365 831 1420 nactusque
854 1367 973 1403 esset
1002 1355 1351 1415 haereditatem,
1378 1357 1516 1404 aliam
1540 1374 1616 1404 so-

206 1448 363 1479 rorem
382 1432 624 1495 juniorem
647 1434 903 1498 innuptam
932 1435 1162 1481 incestare
1182 1436 1520 1500 praesumpsit⁵.
1548 1438 1613 1481 Ex

208 1526 305 1573 quo
329 1510 464 1574 prole
485 1520 718 1575 suscepta,
736 1528 864 1569 cum,
883 1521 987 1558 tum
1006 1528 1062 1558 ex
1081 1512 1230 1576 stupri
1247 1507 1627 1574 consuetudines

208 1597 311 1634 tum
354 1586 663 1634 muliebribus
699 1576 1015 1636 delinimentis
1051 1598 1194 1653 atque
1236 1588 1479 1636 blanditiis
1512 1605 1616 1637 eam

210 1662 392 1727 perdite
406 1662 666 1720 adamaret,
683 1664 827 1712 etiam
843 1682 953 1713 cum
971 1682 1027 1712 ea
1042 1666 1103 1713 de
1118 1665 1243 1713 facto
1261 1667 1618 1713 matrimonium

210 1741 459 1788 contraxit.
495 1743 611 1798 Quae
646 1758 721 1788 res
758 1741 846 1789 sibi
887 1753 932 1790 et
969 1743 1034 1789 illi
1067 1742 1217 1790 nobili
1256 1743 1442 1790 familiae
1478 1754 1620 1807 atque

210 1818 401 1876 domui,
429 1819 556 1866 unde
580 1819 784 1867 ducebat
813 1821 1062 1884 originem,
1099 1820 1335 1868 maculam
1367 1820 1502 1869 valde
1536 1820 1619 1868 foe—

211 1895 322 1943 dam
345 1906 486 1960 atque
508 1912 698 1958 gravem
721 1897 966 1945 infamiam
987 1898 1277 1962 importavit.

275 1973 420 2031 Quod
456 1990 567 2020 cum
597 1983 856 2038 utcumque
881 1984 1077 2040 cuperet
1104 1973 1320 2035 abolere,
1358 1983 1404 2022 et
1435 1973 1622 2022 efficere

214 2061 266 2098 ut
306 2050 432 2098 licite
466 2067 571 2099 eam
612 2051 701 2098 sibi
738 2053 939 2099 retinere
967 2052 1152 2111 liceret,
1187 2069 1332 2116 quam
1367 2054 1433 2100 sic
1455 2062 1623 2100 contra

214 2127 462 2176 interdicta
491 2128 639 2175 divini
669 2139 719 2175 et
744 2129 946 2176 humani
973 2130 1092 2193 juris
1125 2129 1215 2176 sibi
1251 2130 1513 2194 copularat,
1548 2147 1625 2176 su·

214 2222 299 2270 per
327 2205 660 2270 hujuscemodi
692 2216 791 2254 tam
828 2207 1055 2272 proximae
1087 2207 1507 2270 consanguinitatis
1540 2207 1626 2253 im-

270 2351 309 2386 1.
339 2351 548 2387 Dicendum
569 2348 663 2387 dans
680 2348 717 2387 le
736 2361 809 2388 ms.

269 2409 306 2444 ΞΑ
338 2408 371 2447 Il
387 2408 477 2446 etait
491 2408 550 2446 fils
569 2407 618 2447 de
634 2411 730 2446 Jean
754 2408 1010 2460 d'Armagnac
1030 2417 1069 2446 et
1086 2408 1265 2461 petit-fils
1281 2408 1330 2447 de
1356 2408 1456 2447 celui
1478 2421 1555 2460 que
1572 2408 1629 2447 les

219 2464 452 2505 eabochiens
467 2468 744 2506 massacrerent
762 2469 784 2505 a
801 2467 908 2505 Paris
923 2480 973 2505 en
995 2470 1113 2508 1418.

275 2528 312 2562 3.
342 2525 461 2564 Marie
486 2526 764 2579 d'Armagnac,
787 2526 929 2565 mariee
959 2539 1007 2564 en
1036 2530 1137 2566 1437
1161 2541 1211 2566 au
1236 2526 1311 2566 duc
1339 2530 1436 2566 Jean
1465 2526 1626 2566 d’Alen-

223 2596 311 2624 con.

275 2643 314 2680 4.
343 2644 439 2681 Vers
454 2645 502 2681 14
562 2674 571 2683 .

279 2705 316 2740 5.
346 2703 430 2741 Elle
451 2646 650 2756 s'aigelait
680 2705 855 2744 Isabelle.
886 2706 1017 2755 carita
1042 2719 1140 2745 nous
1169 2705 1342 2759 apprend
1378 2705 1519 2757 qu’elle
1554 2704 1629 2742 alla

225 2772 272 2797 en
299 2762 402 2798 1460
427 2774 467 2799 se
490 2762 582 2800 faire
607 2763 810 2816 religieuse
836 2778 886 2803 au
907 2774 1074 2804 couvent
1100 2766 1148 2804 de
1171 2766 1422 2813 Mont-Sion‚
1448 2767 1469 2803 a
1488 2768 1629 2802 Barce-

225 2819 326 2857 lone.
350 2823 489 2858 Anales
506 2823 555 2857 de
575 2825 612 2858 la
632 2836 763 2859 corona
782 2826 830 2860 de
846 2827 1014 2894 gagen,
1036 2825 1063 2864 1.
1088 2827 1194 2872 XVI,
1217 2838 1251 2863 c.
1275 2838 1381 2862 vax.

781 2956 861 3036 Q
