2054 3470
770 373 916 409 LIBER
942 372 1144 409 PRIMUS.
1620 374 1666 411 21

256 462 421 524 dendi,
447 460 743 509 distrahendi
777 470 824 507 et
856 475 946 525 pro
977 476 1065 507 suo
1102 469 1222 506 nutu
1267 457 1677 524 qualitercumque

256 539 541 607 disponendi
563 539 824 605 plenariam
837 547 1138 603 potestatem.
1159 540 1265 595 Qua
1281 546 1517 603 potestate
1532 554 1678 601 quam

256 619 453 666 civiliter
475 633 586 664 usus
602 615 758 677 fuerit,
792 616 891 662 imo
911 631 1056 679 quam
1080 615 1346 680 perniciose
1369 631 1425 662 ac
1447 615 1674 680 turpiter,

258 696 332 743 vix
357 693 553 758 cogitari
574 693 740 758 possit.

322 774 679 819 Consueverant
700 768 984 835 plerumque
1018 768 1298 833 hujusmodi
1339 768 1599 826 forestarii,
1634 778 1681 815 et

257 849 346 897 sub
383 847 563 896 elsdem
598 847 858 894 servientes
890 857 936 895 et
969 846 1193 894 custodes
1227 847 1500 906 constituti,
1538 845 1680 893 etiam

256 942 365 973 cum
389 925 530 989 gratis
553 923 722 972 eadem
747 923 906 971 officia
937 924 1138 970 assecuti
1164 923 1375 979 fuerant,
1409 922 1582 970 multas
1606 939 1683 970 ca-

255 1003 476 1061 lumnias,
506 1001 844 1049 concussiones
868 1009 915 1047 et
936 1000 1128 1064 rapinas
1144 1015 1364 1046 exercere
1386 998 1434 1044 in
1450 1014 1684 1063 pauperes

256 1079 588 1148 provinciales,
616 1080 680 1126 ita
703 1078 862 1143 quod,
891 1078 1057 1143 procul
1088 1076 1268 1138 dubio,
1308 1075 1499 1141 publica
1523 1075 1683 1140 potius

258 1157 432 1206 utilitas
457 1166 734 1222 exposceret
759 1165 810 1202 ut
834 1155 1000 1202 omnia
1026 1153 1136 1202 talia
1163 1152 1321 1201 officia
1342 1151 1650 1200 abolerentur
1666 1189 1678 1212 ,

257 1233 671 1299 quemadmodum
694 1232 825 1290 alias,
855 1241 906 1278 ut
924 1232 987 1278 ita
1004 1230 1154 1292 fieret,
1176 1230 1497 1278 consultatum
1517 1237 1683 1275 tracta-

259 1322 458 1376 tumque
491 1310 704 1358 exstitit¹.
745 1313 878 1356 Tunc
907 1325 1049 1368 ver0,
1084 1325 1195 1355 cum
1231 1324 1317 1373 per
1346 1306 1592 1372 praefatum
1621 1305 1682 1352 de

258 1387 611 1436 Monte-Albani
640 1388 802 1434 omnia
827 1385 1109 1450 hujusmodi
1140 1384 1296 1432 officia
1326 1383 1649 1431 venderentur
1666 1419 1678 1442 ‚

259 1466 321 1514 ad
342 1465 746 1528 licitationemque
769 1462 1200 1528 (quemadmodum
1225 1461 1284 1508 de
1306 1460 1682 1527 publicisvecti-

268 1542 452 1605 galibus
474 1541 576 1588 fieri
594 1541 785 1604 assolet)
797 1549 1182 1604 exposcerentur,
1199 1539 1376 1604 passim
1395 1547 1443 1584 et
1464 1538 1683 1601 frequen-

261 1620 354 1666 tius
377 1618 436 1666 ad
473 1619 664 1682 iniquos
685 1628 732 1665 et
755 1617 929 1682 impios
950 1617 1171 1663 homines
1188 1654 1199 1676 ,
1228 1632 1312 1681 spe
1340 1615 1487 1661 solius
1510 1614 1680 1679 praedae

261 1706 402 1761 atque
448 1696 627 1760 rapinae
672 1695 852 1742 illectos
870 1732 881 1754 ‚
927 1693 1259 1757 hujuscemodi
1307 1690 1683 1740 devolvebantur

261 1774 448 1832 officia3
476 1772 669 1837 quibus,
696 1789 793 1836 quo
817 1772 965 1837 pluris
988 1788 1045 1819 ea
1060 1781 1348 1829 emerentur,
1375 1770 1514 1817 simul
1538 1771 1680 1817 etiam

259 1852 520 1899 calumnias
556 1860 602 1897 et
636 1850 818 1914 praedas
850 1849 1022 1914 agendi
1057 1848 1250 1896 libertas
1292 1848 1440 1895 laxari
1484 1849 1683 1913 impune

252 1927 529 1989 videbatur.
568 1926 705 1973 Unde
737 1943 836 1973 non
867 1926 1003 1973 facile
1029 1925 1249 1973 aestimari
1274 1935 1455 1990 posset,
1483 1935 1684 1989 quantas

259 2008 486 2073 pecunias
516 2023 572 2054 ex
605 2005 882 2069 hujusmodi
907 2004 1267 2052 venditionibus
1290 2004 1392 2069 ipse
1415 2003 1476 2051 de
1498 2006 1684 2050 Monte-

260 2084 426 2132 Albani
449 2084 712 2131 extorserit,
742 2086 855 2130 Erat
877 2083 1006 2130 enim
1023 2083 1125 2128 sine
1149 2081 1263 2142 fide,
1284 2083 1461 2147 pietate
1480 2090 1527 2128 et
1551 2081 1687 2144 justi-

261 2162 325 2210 tia
344 2197 356 2220 ‚
384 2161 610 2226 pecunias
646 2161 941 2224 congerendi
974 2170 1022 2207 et
1057 2160 1383 2224 congregandi
1421 2158 1688 2207 incredibili

262 2238 461 2302 flagrans
484 2237 655 2284 ardore
684 2255 693 2283 :
725 2237 856 2285 unde
879 2254 968 2284 nec
999 2238 1098 2284 suis
1123 2236 1437 2302 emptoribus,
1464 2254 1493 2284 a
1513 2235 1689 2301 quibus

259 2324 543 2362 conventam
567 2315 824 2379 pecuniam
848 2317 1103 2380 recepisset
1123 2351 1135 2374 ,
1163 2314 1309 2362 fidem
1335 2314 1573 2361 ullatenus
1599 2313 1688 2361 ob-

263 2391 500 2451 servabat3
525 2391 608 2439 sed
635 2392 674 2438 si
705 2393 813 2456 quis
845 2392 1161 2457 postmodum
1192 2402 1491 2458 compareret
1522 2392 1605 2456 qui
1639 2409 1688 2439 se

266 2468 513 2535 pecuniam
536 2468 761 2515 daturum
786 2469 982 2517 offerret
1004 2470 1306 2534 ampliorem,
1325 2470 1487 2535 priore
1506 2468 1691 2516 defrau-

268 2543 414 2608 dato,⁴
437 2544 524 2591 sihi
566 2545 932 2608 adjudicabatur
953 2549 968 2571 ¹
1008 2547 1236 2594 officium.
1276 2546 1492 2593 Habebat
1527 2556 1685 2593 autem

269 2620 368 2685 ipse
391 2618 500 2668 suos
522 2621 688 2668 talium
711 2624 1116 2671 commerciorum
1138 2633 1422 2689 proxenetas
1436 2660 1448 2684 ‚
1476 2623 1560 2687 qui
1590 2639 1690 2668 un-

327 2749 362 2785 1.
391 2749 570 2785 L’auteur
596 2749 740 2788 semble
772 2751 868 2790 faire
895 2752 1062 2791 allusion
1090 2754 1109 2790 a
1134 2751 1202 2790 des
1230 2753 1373 2804 projets
1398 2751 1691 2791 anciennement

271 2807 414 2846 soumis
431 2820 480 2845 au
498 2809 639 2846 conseil
657 2809 705 2847 de
729 2810 885 2850 charles
903 2814 989 2852 VII.

327 2869 365 2905 2.
397 2867 660 2915 Adjiciebatur
677 2869 771 2908 dans
788 2871 824 2908 le
843 2884 914 2910 ms.
