<?xml version="1.0" encoding="UTF-8"?>
<!DOCTYPE html PUBLIC "-//W3C//DTD XHTML 1.0 Transitional//EN"
    "http://www.w3.org/TR/xhtml1/DTD/xhtml1-transitional.dtd">
<html xmlns="http://www.w3.org/1999/xhtml" xml:lang="en" lang="en">
 <head>
  <title>
</title>
<meta http-equiv="Content-Type" content="text/html;charset=utf-8" />
  <meta name='ocr-system' content='tesseract 3.04.00' />
  <meta name='ocr-capabilities' content='ocr_page ocr_carea ocr_par ocr_line ocrx_word'/>
</head>
<body>
  <div class='ocr_page' id='page_1' title='image "./histoiredesrgn02basiuoft_0368.png"; bbox 0 0 2054 3470; ppageno 0'>
   <div class='ocr_carea' id='block_1_1' title="bbox 413 314 1459 355">
    <p class='ocr_par' dir='ltr' id='par_1_1' title="bbox 413 314 1459 355">
     <span class='ocr_line' id='line_1_1' title="bbox 413 314 1459 355; baseline -0.003 -2"><span class='ocrx_word' id='word_1_1' title='bbox 413 317 490 353; x_wconf 76' lang='lat'><strong>284</strong></span> <span class='ocrx_word' id='word_1_2' title='bbox 776 316 1114 355; x_wconf 83' lang='lat' dir='ltr'><strong>HISTORIARUM</strong></span> <span class='ocrx_word' id='word_1_3' title='bbox 1142 314 1377 352; x_wconf 91' lang='lat' dir='ltr'>LUDOVICI</span> <span class='ocrx_word' id='word_1_4' title='bbox 1404 314 1459 351; x_wconf 90' lang='lat' dir='ltr'><strong>XI</strong></span> 
     </span>
    </p>
   </div>
   <div class='ocr_carea' id='block_1_2' title="bbox 410 401 1821 1163">
    <p class='ocr_par' dir='ltr' id='par_1_2' title="bbox 410 401 1821 1163">
     <span class='ocr_line' id='line_1_2' title="bbox 413 401 1817 467; baseline -0.003 -15"><span class='ocrx_word' id='word_1_5' title='bbox 413 405 515 452; x_wconf 88' lang='lat' dir='ltr'><strong>sine</strong></span> <span class='ocrx_word' id='word_1_6' title='bbox 544 405 745 452; x_wconf 84' lang='lat' dir='ltr'>arctiore</span> <span class='ocrx_word' id='word_1_7' title='bbox 776 403 991 452; x_wconf 90' lang='lat' dir='ltr'><strong>custodia</strong></span> <span class='ocrx_word' id='word_1_8' title='bbox 1030 404 1079 450; x_wconf 90' lang='lat' dir='ltr'><strong>in</strong></span> <span class='ocrx_word' id='word_1_9' title='bbox 1116 402 1309 467; x_wconf 91' lang='lat' dir='ltr'><strong>publico</strong></span> <span class='ocrx_word' id='word_1_10' title='bbox 1347 402 1557 467; x_wconf 89' lang='lat' dir='ltr'><strong>hospitio</strong></span> <span class='ocrx_word' id='word_1_11' title='bbox 1597 401 1817 466; x_wconf 89' lang='lat' dir='ltr'><strong>degeret,</strong></span> 
     </span>
     <span class='ocr_line' id='line_1_3' title="bbox 412 478 1821 546; baseline -0.001 -19"><span class='ocrx_word' id='word_1_12' title='bbox 412 498 498 546; x_wconf 86' lang='lat' dir='ltr'><strong>per</strong></span> <span class='ocrx_word' id='word_1_13' title='bbox 531 481 687 544; x_wconf 84' lang='lat' dir='ltr'><strong>fugam</strong></span> <span class='ocrx_word' id='word_1_14' title='bbox 725 481 848 529; x_wconf 90' lang='lat' dir='ltr'><strong>clam</strong></span> <span class='ocrx_word' id='word_1_15' title='bbox 882 481 1165 528; x_wconf 86' lang='lat' dir='ltr'><strong>destinatam</strong></span> <span class='ocrx_word' id='word_1_16' title='bbox 1198 489 1332 527; x_wconf 86' lang='lat' dir='ltr'><strong>tanto</strong></span> <span class='ocrx_word' id='word_1_17' title='bbox 1374 479 1586 544; x_wconf 88' lang='lat' dir='ltr'><strong>periculo</strong></span> <span class='ocrx_word' id='word_1_18' title='bbox 1623 495 1709 525; x_wconf 93' lang='lat' dir='ltr'><strong>suo</strong></span> <span class='ocrx_word' id='word_1_19' title='bbox 1738 478 1821 526; x_wconf 92' lang='lat' dir='ltr'><strong>ob-</strong></span> 
     </span>
     <span class='ocr_line' id='line_1_4' title="bbox 412 555 1820 622; baseline -0.001 -18"><span class='ocrx_word' id='word_1_20' title='bbox 412 558 535 604; x_wconf 86' lang='lat' dir='ltr'><strong>viam</strong></span> <span class='ocrx_word' id='word_1_21' title='bbox 574 559 725 616; x_wconf 89' lang='lat' dir='ltr'><strong>venit;</strong></span> <span class='ocrx_word' id='word_1_22' title='bbox 764 574 908 622; x_wconf 90' lang='lat' dir='ltr'><strong>seque</strong></span> <span class='ocrx_word' id='word_1_23' title='bbox 937 568 1034 604; x_wconf 89' lang='lat' dir='ltr'><strong>tam</strong></span> <span class='ocrx_word' id='word_1_24' title='bbox 1067 557 1234 622; x_wconf 90' lang='lat' dir='ltr'><strong>procul</strong></span> <span class='ocrx_word' id='word_1_25' title='bbox 1267 557 1532 620; x_wconf 81' lang='lat' dir='ltr'><strong>elongavit,</strong></span> <span class='ocrx_word' id='word_1_26' title='bbox 1566 556 1722 603; x_wconf 89' lang='lat' dir='ltr'><strong>donec</strong></span> <span class='ocrx_word' id='word_1_27' title='bbox 1757 555 1820 602; x_wconf 84' lang='lat' dir='ltr'><strong>ad</strong></span> 
     </span>
     <span class='ocr_line' id='line_1_5' title="bbox 412 633 1820 701; baseline -0.003 -17"><span class='ocrx_word' id='word_1_28' title='bbox 412 654 551 684; x_wconf 88' lang='lat' dir='ltr'><strong>suum</strong></span> <span class='ocrx_word' id='word_1_29' title='bbox 574 647 789 684; x_wconf 89' lang='lat' dir='ltr'><strong>montem</strong></span> <span class='ocrx_word' id='word_1_30' title='bbox 807 653 959 699; x_wconf 92' lang='lat' dir='ltr'><strong>usque</strong></span> <span class='ocrx_word' id='word_1_31' title='bbox 982 636 1267 701; x_wconf 83' lang='lat' dir='ltr'><strong>perveniret,</strong></span> <span class='ocrx_word' id='word_1_32' title='bbox 1294 635 1413 681; x_wconf 77' lang='lat' dir='ltr'><strong>infra</strong></span> <span class='ocrx_word' id='word_1_33' title='bbox 1439 635 1646 698; x_wconf 85' lang='lat' dir='ltr'><strong>Pyrenaei</strong></span> <span class='ocrx_word' id='word_1_34' title='bbox 1670 633 1820 680; x_wconf 89' lang='lat' dir='ltr'><strong>claus-</strong></span> 
     </span>
     <span class='ocr_line' id='line_1_6' title="bbox 412 711 1819 777; baseline -0.002 -17"><span class='ocrx_word' id='word_1_35' title='bbox 412 723 483 760; x_wconf 89' lang='lat' dir='ltr'><strong>tra</strong></span> <span class='ocrx_word' id='word_1_36' title='bbox 507 723 647 777; x_wconf 85' lang='lat' dir='ltr'><strong>atque</strong></span> <span class='ocrx_word' id='word_1_37' title='bbox 676 714 787 776; x_wconf 85' lang='lat' dir='ltr'><strong>juga</strong></span> <span class='ocrx_word' id='word_1_38' title='bbox 810 714 975 769; x_wconf 86' lang='lat' dir='ltr'><strong>situm,</strong></span> <span class='ocrx_word' id='word_1_39' title='bbox 1006 713 1088 776; x_wconf 92' lang='lat' dir='ltr'><strong>qui</strong></span> <span class='ocrx_word' id='word_1_40' title='bbox 1123 729 1263 759; x_wconf 89' lang='lat' dir='ltr'><strong>mons</strong></span> <span class='ocrx_word' id='word_1_41' title='bbox 1286 715 1440 758; x_wconf 86' lang='lat' dir='ltr'><strong>Aurae¹</strong></span> <span class='ocrx_word' id='word_1_42' title='bbox 1465 711 1610 775; x_wconf 86' lang='lat' dir='ltr'><strong>vulgo</strong></span> <span class='ocrx_word' id='word_1_43' title='bbox 1632 727 1819 757; x_wconf 90' lang='lat' dir='ltr'><strong>nuncu-</strong></span> 
     </span>
     <span class='ocr_line' id='line_1_7' title="bbox 411 789 1820 856; baseline -0.002 -19"><span class='ocrx_word' id='word_1_44' title='bbox 411 800 567 856; x_wconf 88' lang='lat' dir='ltr'><strong>patur,</strong></span> <span class='ocrx_word' id='word_1_45' title='bbox 599 791 647 836; x_wconf 92' lang='lat' dir='ltr'><strong>in</strong></span> <span class='ocrx_word' id='word_1_46' title='bbox 680 789 950 837; x_wconf 87' lang='lat' dir='ltr'><strong>confinibus</strong></span> <span class='ocrx_word' id='word_1_47' title='bbox 976 790 1239 852; x_wconf 85' lang='lat' dir='ltr'><strong>Aragoniae,</strong></span> <span class='ocrx_word' id='word_1_48' title='bbox 1276 789 1322 835; x_wconf 89' lang='lat' dir='ltr'><strong>in</strong></span> <span class='ocrx_word' id='word_1_49' title='bbox 1355 805 1452 852; x_wconf 92' lang='lat' dir='ltr'><strong>quo</strong></span> <span class='ocrx_word' id='word_1_50' title='bbox 1487 789 1666 852; x_wconf 88' lang='lat' dir='ltr'><strong>aliquas</strong></span> <span class='ocrx_word' id='word_1_51' title='bbox 1689 803 1820 834; x_wconf 85' lang='lat' dir='ltr'><strong>arces</strong></span> 
     </span>
     <span class='ocr_line' id='line_1_8' title="bbox 411 864 1815 930; baseline -0.003 -17"><span class='ocrx_word' id='word_1_52' title='bbox 411 866 702 914; x_wconf 88' lang='lat' dir='ltr'><strong>firmissimas</strong></span> <span class='ocrx_word' id='word_1_53' title='bbox 735 877 780 913; x_wconf 92' lang='lat' dir='ltr'><strong>et</strong></span> <span class='ocrx_word' id='word_1_54' title='bbox 802 883 934 930; x_wconf 86' lang='lat' dir='ltr'><strong>paene</strong></span> <span class='ocrx_word' id='word_1_55' title='bbox 965 865 1308 913; x_wconf 85' lang='lat' dir='ltr'><strong>inaccessibiles</strong></span> <span class='ocrx_word' id='word_1_56' title='bbox 1338 866 1515 913; x_wconf 89' lang='lat' dir='ltr'><strong>habere</strong></span> <span class='ocrx_word' id='word_1_57' title='bbox 1549 864 1815 924; x_wconf 78' lang='lat' dir='ltr'><strong>ferebatur3</strong></span> 
     </span>
     <span class='ocr_line' id='line_1_9' title="bbox 410 942 1819 1008; baseline -0.001 -18"><span class='ocrx_word' id='word_1_58' title='bbox 410 943 601 1008; x_wconf 88' lang='lat' dir='ltr'><strong>illicque</strong></span> <span class='ocrx_word' id='word_1_59' title='bbox 632 944 842 1003; x_wconf 86' lang='lat' dir='ltr'><strong>delituit,</strong></span> <span class='ocrx_word' id='word_1_60' title='bbox 868 943 1073 990; x_wconf 86' lang='lat' dir='ltr'><strong>nudatus</strong></span> <span class='ocrx_word' id='word_1_61' title='bbox 1101 943 1325 990; x_wconf 90' lang='lat' dir='ltr'><strong>omnibus</strong></span> <span class='ocrx_word' id='word_1_62' title='bbox 1357 944 1490 990; x_wconf 88' lang='lat' dir='ltr'><strong>terris</strong></span> <span class='ocrx_word' id='word_1_63' title='bbox 1513 943 1608 990; x_wconf 88' lang='lat' dir='ltr'><strong>suis</strong></span> <span class='ocrx_word' id='word_1_64' title='bbox 1638 942 1764 999; x_wconf 90' lang='lat' dir='ltr'><strong>aliis,</strong></span> <span class='ocrx_word' id='word_1_65' title='bbox 1791 958 1819 988; x_wconf 87' lang='lat' dir='ltr'><strong>a</strong></span> 
     </span>
     <span class='ocr_line' id='line_1_10' title="bbox 412 1019 1815 1087; baseline -0.003 -18"><span class='ocrx_word' id='word_1_66' title='bbox 412 1039 521 1084; x_wconf 86' lang='lat' dir='ltr'><strong>rege</strong></span> <span class='ocrx_word' id='word_1_67' title='bbox 546 1023 807 1087; x_wconf 85' lang='lat' dir='ltr'><strong>occupatis,</strong></span> <span class='ocrx_word' id='word_1_68' title='bbox 829 1032 874 1069; x_wconf 91' lang='lat' dir='ltr'><strong>et</strong></span> <span class='ocrx_word' id='word_1_69' title='bbox 897 1022 1026 1068; x_wconf 88' lang='lat' dir='ltr'><strong>velut</strong></span> <span class='ocrx_word' id='word_1_70' title='bbox 1045 1022 1094 1067; x_wconf 92' lang='lat' dir='ltr'><strong>in</strong></span> <span class='ocrx_word' id='word_1_71' title='bbox 1111 1031 1214 1067; x_wconf 92' lang='lat' dir='ltr'><strong>tuto</strong></span> <span class='ocrx_word' id='word_1_72' title='bbox 1232 1021 1362 1084; x_wconf 89' lang='lat' dir='ltr'><strong>asylo</strong></span> <span class='ocrx_word' id='word_1_73' title='bbox 1381 1037 1431 1067; x_wconf 93' lang='lat' dir='ltr'><strong>se</strong></span> <span class='ocrx_word' id='word_1_74' title='bbox 1449 1019 1544 1067; x_wconf 90' lang='lat' dir='ltr'><strong>illic</strong></span> <span class='ocrx_word' id='word_1_75' title='bbox 1562 1019 1815 1078; x_wconf 87' lang='lat' dir='ltr'>continuit,</span> 
     </span>
     <span class='ocr_line' id='line_1_11' title="bbox 413 1099 1189 1163; baseline -0.001 -18"><span class='ocrx_word' id='word_1_76' title='bbox 413 1116 563 1163; x_wconf 93' lang='lat' dir='ltr'><strong>usque</strong></span> <span class='ocrx_word' id='word_1_77' title='bbox 588 1099 650 1147; x_wconf 89' lang='lat' dir='ltr'><strong>ad</strong></span> <span class='ocrx_word' id='word_1_78' title='bbox 668 1100 823 1147; x_wconf 89' lang='lat' dir='ltr'><strong>Caroli</strong></span> <span class='ocrx_word' id='word_1_79' title='bbox 846 1100 965 1163; x_wconf 86' lang='lat' dir='ltr'><strong>regis</strong></span> <span class='ocrx_word' id='word_1_80' title='bbox 987 1099 1189 1146; x_wconf 89' lang='lat' dir='ltr'><strong>obitum.</strong></span> 
     </span>
    </p>
   </div>
   <div class='ocr_carea' id='block_1_3' title="bbox 866 1350 1365 1395">
    <p class='ocr_par' dir='ltr' id='par_1_3' title="bbox 866 1350 1365 1395">
     <span class='ocr_line' id='line_1_12' title="bbox 866 1350 1365 1395; baseline -0.004 0"><span class='ocrx_word' id='word_1_81' title='bbox 866 1350 1205 1395; x_wconf 82' lang='lat' dir='ltr'><strong>CAPITULUM</strong></span> <span class='ocrx_word' id='word_1_82' title='bbox 1244 1350 1365 1394; x_wconf 86' lang='lat' dir='ltr'><strong>XVI.</strong></span> 
     </span>
    </p>
   </div>
   <div class='ocr_carea' id='block_1_4' title="bbox 409 1491 1823 1637">
    <p class='ocr_par' dir='ltr' id='par_1_4' title="bbox 409 1491 1823 1637">
     <span class='ocr_line' id='line_1_13' title="bbox 409 1491 1821 1540; baseline -0.001 -13"><span class='ocrx_word' id='word_1_83' title='bbox 409 1493 601 1537; x_wconf 90' lang='lat' dir='ltr'><strong>Quomodo</strong></span> <span class='ocrx_word' id='word_1_84' title='bbox 621 1493 714 1528; x_wconf 87' lang='lat' dir='ltr'><strong>idem</strong></span> <span class='ocrx_word' id='word_1_85' title='bbox 733 1506 851 1528; x_wconf 83' lang='lat' dir='ltr'><strong>comes</strong></span> <span class='ocrx_word' id='word_1_86' title='bbox 868 1492 1073 1537; x_wconf 68' lang='lat' dir='ltr'><strong>Ammiani,</strong></span> <span class='ocrx_word' id='word_1_87' title='bbox 1093 1507 1113 1528; x_wconf 87' lang='lat' dir='ltr'><strong>a</strong></span> <span class='ocrx_word' id='word_1_88' title='bbox 1132 1506 1213 1540; x_wconf 89' lang='lat' dir='ltr'><strong>rege</strong></span> <span class='ocrx_word' id='word_1_89' title='bbox 1235 1493 1423 1534; x_wconf 77' lang='lat' dir='ltr'><strong>exsulatus,</strong></span> <span class='ocrx_word' id='word_1_90' title='bbox 1443 1505 1506 1540; x_wconf 89' lang='lat' dir='ltr'><strong>per</strong></span> <span class='ocrx_word' id='word_1_91' title='bbox 1530 1491 1657 1527; x_wconf 88' lang='lat' dir='ltr'><strong>ducem</strong></span> <span class='ocrx_word' id='word_1_92' title='bbox 1676 1491 1821 1538; x_wconf 73' lang='lat' dir='ltr'><strong>Aquita-</strong></span> 
     </span>
     <span class='ocr_line' id='line_1_14' title="bbox 456 1545 1823 1595; baseline -0.001 -13"><span class='ocrx_word' id='word_1_93' title='bbox 456 1549 523 1582; x_wconf 82' lang='lat' dir='ltr'><strong>niae</strong></span> <span class='ocrx_word' id='word_1_94' title='bbox 547 1548 592 1582; x_wconf 86' lang='lat' dir='ltr'><strong>ad</strong></span> <span class='ocrx_word' id='word_1_95' title='bbox 621 1549 768 1595; x_wconf 83' lang='lat' dir='ltr'><strong>propria</strong></span> <span class='ocrx_word' id='word_1_96' title='bbox 792 1547 860 1582; x_wconf 82' lang='lat' dir='ltr'><strong>fuit</strong></span> <span class='ocrx_word' id='word_1_97' title='bbox 877 1547 1076 1591; x_wconf 87' lang='lat' dir='ltr'><strong>restitutus,</strong></span> <span class='ocrx_word' id='word_1_98' title='bbox 1101 1557 1135 1582; x_wconf 90' lang='lat' dir='ltr'><strong>et</strong></span> <span class='ocrx_word' id='word_1_99' title='bbox 1159 1547 1203 1582; x_wconf 90' lang='lat' dir='ltr'><strong>de</strong></span> <span class='ocrx_word' id='word_1_100' title='bbox 1228 1546 1388 1594; x_wconf 87' lang='lat' dir='ltr'><strong>ejusdem</strong></span> <span class='ocrx_word' id='word_1_101' title='bbox 1413 1546 1609 1593; x_wconf 66' lang='lat' dir='ltr'><strong>Aquitania</strong></span> <span class='ocrx_word' id='word_1_102' title='bbox 1632 1545 1733 1582; x_wconf 68' lang='lat' dir='ltr'><strong>ducis</strong></span> <span class='ocrx_word' id='word_1_103' title='bbox 1757 1558 1823 1592; x_wconf 86' lang='lat' dir='ltr'><strong>per</strong></span> 
     </span>
     <span class='ocr_line' id='line_1_15' title="bbox 454 1610 933 1637; baseline 0.002 -2"><span class='ocrx_word' id='word_1_104' title='bbox 454 1614 630 1636; x_wconf 80' lang='lat' dir='ltr'><strong>venenum</strong></span> <span class='ocrx_word' id='word_1_105' title='bbox 649 1610 889 1637; x_wconf 70' lang='lat' dir='ltr'><strong>exstinctione.</strong></span> <span class='ocrx_word' id='word_1_106' title='bbox 923 1632 933 1636; x_wconf 63' lang='grc'>,</span> 
     </span>
    </p>
   </div>
   <div class='ocr_carea' id='block_1_5' title="bbox 408 1725 1822 2408">
    <p class='ocr_par' dir='ltr' id='par_1_5' title="bbox 408 1725 1822 2408">
     <span class='ocr_line' id='line_1_16' title="bbox 474 1725 1822 1789; baseline 0 -16"><span class='ocrx_word' id='word_1_107' title='bbox 474 1728 786 1775; x_wconf 90' lang='lat' dir='ltr'><strong>Postmodum</strong></span> <span class='ocrx_word' id='word_1_108' title='bbox 810 1738 987 1789; x_wconf 85' lang='lat' dir='ltr'><strong>autem,</strong></span> <span class='ocrx_word' id='word_1_109' title='bbox 1014 1745 1124 1774; x_wconf 92' lang='lat' dir='ltr'><strong>cum</strong></span> <span class='ocrx_word' id='word_1_110' title='bbox 1145 1726 1334 1775; x_wconf 85' lang='lat' dir='ltr'><strong>obiisset</strong></span> <span class='ocrx_word' id='word_1_111' title='bbox 1353 1726 1550 1774; x_wconf 80' lang='lat' dir='ltr'><strong>Carolus</strong></span> <span class='ocrx_word' id='word_1_112' title='bbox 1573 1743 1653 1774; x_wconf 83' lang='lat' dir='ltr'><strong>rex</strong></span> <span class='ocrx_word' id='word_1_113' title='bbox 1677 1725 1822 1773; x_wconf 83' lang='lat' dir='ltr'><strong>felicis</strong></span> 
     </span>
     <span class='ocr_line' id='line_1_17' title="bbox 409 1803 1816 1868; baseline 0 -19"><span class='ocrx_word' id='word_1_114' title='bbox 409 1805 782 1866; x_wconf 84' lang='lat' dir='ltr'><strong>recordationis,</strong></span> <span class='ocrx_word' id='word_1_115' title='bbox 812 1806 1104 1861; x_wconf 84' lang='lat' dir='ltr'><strong>Ludovicus,</strong></span> <span class='ocrx_word' id='word_1_116' title='bbox 1143 1805 1277 1868; x_wconf 90' lang='lat' dir='ltr'><strong>cujus</strong></span> <span class='ocrx_word' id='word_1_117' title='bbox 1309 1814 1435 1868; x_wconf 85' lang='lat' dir='ltr'><strong>gesta</strong></span> <span class='ocrx_word' id='word_1_118' title='bbox 1469 1803 1816 1868; x_wconf 80' lang='lat' dir='ltr'><strong>prosequimur,</strong></span> 
     </span>
     <span class='ocr_line' id='line_1_18' title="bbox 409 1873 1821 1946; baseline 0 -19"><span class='ocrx_word' id='word_1_119' title='bbox 409 1882 586 1944; x_wconf 83' lang='lat' dir='ltr'><strong>pariter</strong></span> <span class='ocrx_word' id='word_1_120' title='bbox 612 1899 667 1929; x_wconf 83' lang='lat' dir='ltr'><strong>ac</strong></span> <span class='ocrx_word' id='word_1_121' title='bbox 688 1883 798 1929; x_wconf 91' lang='lat' dir='ltr'><strong>duci</strong></span> <span class='ocrx_word' id='word_1_122' title='bbox 827 1882 1071 1929; x_wconf 85' lang='lat' dir='ltr'><strong>Alenconii</strong></span> <span class='ocrx_word' id='word_1_123' title='bbox 1099 1882 1201 1945; x_wconf 90' lang='lat' dir='ltr'><strong>(qui</strong></span> <span class='ocrx_word' id='word_1_124' title='bbox 1223 1898 1251 1928; x_wconf 87' lang='lat' dir='ltr'><strong>a</strong></span> <span class='ocrx_word' id='word_1_125' title='bbox 1272 1891 1407 1946; x_wconf 87' lang='lat' dir='ltr'><strong>patre</strong></span> <span class='ocrx_word' id='word_1_126' title='bbox 1429 1898 1517 1928; x_wconf 87' lang='lat' dir='ltr'><strong>suo</strong></span> <span class='ocrx_word' id='word_1_127' title='bbox 1541 1873 1681 1927; x_wconf 81' lang='lat' dir='ltr'><strong>etiam</strong></span> <span class='ocrx_word' id='word_1_128' title='bbox 1705 1897 1821 1927; x_wconf 89' lang='lat' dir='ltr'><strong>con-</strong></span> 
     </span>
     <span class='ocr_line' id='line_1_19' title="bbox 410 1957 1822 2022; baseline 0.001 -20"><span class='ocrx_word' id='word_1_129' title='bbox 410 1957 661 2005; x_wconf 90' lang='lat' dir='ltr'><strong>demnatus</strong></span> <span class='ocrx_word' id='word_1_130' title='bbox 691 1969 760 2020; x_wconf 85' lang='lat' dir='ltr'><strong>et,</strong></span> <span class='ocrx_word' id='word_1_131' title='bbox 798 1958 909 2005; x_wconf 85' lang='lat' dir='ltr'><strong>data</strong></span> <span class='ocrx_word' id='word_1_132' title='bbox 949 1957 1317 2004; x_wconf 84' lang='lat' dir='ltr'><strong>misericorditer</strong></span> <span class='ocrx_word' id='word_1_133' title='bbox 1350 1958 1469 2016; x_wconf 89' lang='lat' dir='ltr'><strong>vita,</strong></span> <span class='ocrx_word' id='word_1_134' title='bbox 1504 1957 1682 2004; x_wconf 85' lang='lat' dir='ltr'><strong>carceri</strong></span> <span class='ocrx_word' id='word_1_135' title='bbox 1714 1974 1822 2022; x_wconf 88' lang='lat' dir='ltr'><strong>per-</strong></span> 
     </span>
     <span class='ocr_line' id='line_1_20' title="bbox 408 2036 1820 2100; baseline 0 -18"><span class='ocrx_word' id='word_1_136' title='bbox 408 2046 554 2100; x_wconf 85' lang='lat' dir='ltr'><strong>petuo</strong></span> <span class='ocrx_word' id='word_1_137' title='bbox 589 2037 806 2084; x_wconf 89' lang='lat' dir='ltr'><strong>addictus</strong></span> <span class='ocrx_word' id='word_1_138' title='bbox 838 2037 1017 2099; x_wconf 80' lang='lat' dir='ltr'><strong>fuerat)</strong></span> <span class='ocrx_word' id='word_1_139' title='bbox 1044 2037 1241 2099; x_wconf 87' lang='lat' dir='ltr'><strong>gratiam</strong></span> <span class='ocrx_word' id='word_1_140' title='bbox 1265 2046 1312 2083; x_wconf 93' lang='lat' dir='ltr'><strong>et</strong></span> <span class='ocrx_word' id='word_1_141' title='bbox 1333 2036 1588 2083; x_wconf 85' lang='lat' dir='ltr'><strong>criminum</strong></span> <span class='ocrx_word' id='word_1_142' title='bbox 1612 2037 1820 2100; x_wconf 83' lang='lat' dir='ltr'><strong>praeteri-</strong></span> 
     </span>
     <span class='ocr_line' id='line_1_21' title="bbox 409 2113 1819 2178; baseline 0.001 -20"><span class='ocrx_word' id='word_1_143' title='bbox 409 2122 566 2159; x_wconf 84' lang='lat' dir='ltr'><strong>torum</strong></span> <span class='ocrx_word' id='word_1_144' title='bbox 591 2113 901 2161; x_wconf 88' lang='lat' dir='ltr'><strong>abolitionem</strong></span> <span class='ocrx_word' id='word_1_145' title='bbox 926 2114 1186 2178; x_wconf 88' lang='lat' dir='ltr'><strong>plenariam</strong></span> <span class='ocrx_word' id='word_1_146' title='bbox 1218 2114 1308 2160; x_wconf 87' lang='lat' dir='ltr'><strong>sibi</strong></span> <span class='ocrx_word' id='word_1_147' title='bbox 1339 2114 1598 2172; x_wconf 85' lang='lat' dir='ltr'><strong>concessit,</strong></span> <span class='ocrx_word' id='word_1_148' title='bbox 1624 2130 1736 2160; x_wconf 90' lang='lat' dir='ltr'><strong>eum</strong></span> <span class='ocrx_word' id='word_1_149' title='bbox 1758 2113 1819 2161; x_wconf 88' lang='lat' dir='ltr'><strong>ad</strong></span> 
     </span>
     <span class='ocr_line' id='line_1_22' title="bbox 410 2190 1819 2254; baseline 0.001 -19"><span class='ocrx_word' id='word_1_150' title='bbox 410 2198 556 2236; x_wconf 87' lang='lat' dir='ltr'><strong>terras</strong></span> <span class='ocrx_word' id='word_1_151' title='bbox 581 2206 688 2237; x_wconf 88' lang='lat' dir='ltr'><strong>suas</strong></span> <span class='ocrx_word' id='word_1_152' title='bbox 712 2200 853 2254; x_wconf 87' lang='lat' dir='ltr'><strong>atque</strong></span> <span class='ocrx_word' id='word_1_153' title='bbox 875 2190 1089 2237; x_wconf 85' lang='lat' dir='ltr'><strong>dominia</strong></span> <span class='ocrx_word' id='word_1_154' title='bbox 1109 2191 1396 2237; x_wconf 81' lang='lat' dir='ltr'><strong>restituens².</strong></span> <span class='ocrx_word' id='word_1_155' title='bbox 1425 2193 1572 2237; x_wconf 88' lang='lat' dir='ltr'><strong>Porro</strong></span> <span class='ocrx_word' id='word_1_156' title='bbox 1594 2191 1710 2237; x_wconf 84' lang='lat' dir='ltr'><strong>tanti</strong></span> <span class='ocrx_word' id='word_1_157' title='bbox 1735 2190 1819 2237; x_wconf 90' lang='lat' dir='ltr'><strong>be-</strong></span> 
     </span>
     <span class='ocr_line' id='line_1_23' title="bbox 410 2266 1820 2330; baseline 0.001 -18"><span class='ocrx_word' id='word_1_158' title='bbox 410 2266 566 2313; x_wconf 84' lang='lat' dir='ltr'><strong>neficii</strong></span> <span class='ocrx_word' id='word_1_159' title='bbox 602 2267 836 2330; x_wconf 87' lang='lat' dir='ltr'><strong>ingratus,</strong></span> <span class='ocrx_word' id='word_1_160' title='bbox 871 2284 983 2314; x_wconf 90' lang='lat' dir='ltr'><strong>cum</strong></span> <span class='ocrx_word' id='word_1_161' title='bbox 1026 2268 1170 2313; x_wconf 89' lang='lat' dir='ltr'><strong>etiam</strong></span> <span class='ocrx_word' id='word_1_162' title='bbox 1213 2284 1323 2314; x_wconf 91' lang='lat' dir='ltr'><strong>cum</strong></span> <span class='ocrx_word' id='word_1_163' title='bbox 1348 2268 1525 2314; x_wconf 84' lang='lat' dir='ltr'><strong>caeteris</strong></span> <span class='ocrx_word' id='word_1_164' title='bbox 1559 2266 1820 2314; x_wconf 85' lang='lat' dir='ltr'><strong>Galliarum</strong></span> 
     </span>
     <span class='ocr_line' id='line_1_24' title="bbox 409 2343 1820 2408; baseline 0.001 -19"><span class='ocrx_word' id='word_1_165' title='bbox 409 2343 703 2408; x_wconf 86' lang='lat' dir='ltr'><strong>principibus</strong></span> <span class='ocrx_word' id='word_1_166' title='bbox 750 2345 797 2390; x_wconf 91' lang='lat' dir='ltr'><strong>in</strong></span> <span class='ocrx_word' id='word_1_167' title='bbox 852 2360 962 2390; x_wconf 88' lang='lat' dir='ltr'><strong>eum</strong></span> <span class='ocrx_word' id='word_1_168' title='bbox 1003 2344 1312 2408; x_wconf 90' lang='lat' dir='ltr'><strong>postmodum</strong></span> <span class='ocrx_word' id='word_1_169' title='bbox 1348 2344 1637 2408; x_wconf 86' lang='lat' dir='ltr'><strong>conjurasset</strong></span> <span class='ocrx_word' id='word_1_170' title='bbox 1680 2355 1820 2408; x_wconf 88' lang='lat' dir='ltr'><strong>atque</strong></span> 
     </span>
    </p>
   </div>
   <div class='ocr_carea' id='block_1_6' title="bbox 409 2505 1820 2847">
    <p class='ocr_par' dir='ltr' id='par_1_6' title="bbox 409 2505 1820 2796">
     <span class='ocr_line' id='line_1_25' title="bbox 464 2505 1817 2558; baseline 0.003 -14"><span class='ocrx_word' id='word_1_171' title='bbox 464 2509 503 2545; x_wconf 89' lang='lat'><strong>1.</strong></span> <span class='ocrx_word' id='word_1_172' title='bbox 534 2508 586 2544; x_wconf 80' lang='lat' dir='ltr'><strong>La</strong></span> <span class='ocrx_word' id='word_1_173' title='bbox 605 2514 812 2558; x_wconf 86' lang='lat' dir='ltr'><strong>montagne</strong></span> <span class='ocrx_word' id='word_1_174' title='bbox 836 2505 1002 2556; x_wconf 90' lang='lat' dir='ltr'><strong>d’Aure,</strong></span> <span class='ocrx_word' id='word_1_175' title='bbox 1026 2520 1077 2545; x_wconf 82' lang='lat' dir='ltr'><strong>au</strong></span> <span class='ocrx_word' id='word_1_176' title='bbox 1102 2506 1195 2545; x_wconf 87' lang='lat' dir='ltr'><strong>fond</strong></span> <span class='ocrx_word' id='word_1_177' title='bbox 1223 2507 1270 2546; x_wconf 92' lang='lat' dir='ltr'><strong>de</strong></span> <span class='ocrx_word' id='word_1_178' title='bbox 1288 2507 1326 2546; x_wconf 91' lang='lat' dir='ltr'><strong>la</strong></span> <span class='ocrx_word' id='word_1_179' title='bbox 1344 2507 1468 2546; x_wconf 54' lang='lat' dir='ltr'><strong>valliae</strong></span> <span class='ocrx_word' id='word_1_180' title='bbox 1487 2507 1539 2546; x_wconf 93' lang='lat' dir='ltr'><strong>du</strong></span> <span class='ocrx_word' id='word_1_181' title='bbox 1561 2510 1684 2547; x_wconf 68' lang='lat' dir='ltr'><strong>meme</strong></span> <span class='ocrx_word' id='word_1_182' title='bbox 1711 2522 1817 2557; x_wconf 90' lang='lat' dir='ltr'><strong>nom,</strong></span> 
     </span>
     <span class='ocr_line' id='line_1_26' title="bbox 410 2567 1820 2620; baseline 0.001 -14"><span class='ocrx_word' id='word_1_183' title='bbox 410 2576 518 2606; x_wconf 87' lang='lat' dir='ltr'><strong>entre</strong></span> <span class='ocrx_word' id='word_1_184' title='bbox 540 2567 732 2605; x_wconf 85' lang='lat' dir='ltr'><strong>Gavarnie</strong></span> <span class='ocrx_word' id='word_1_185' title='bbox 752 2576 790 2605; x_wconf 89' lang='lat' dir='ltr'><strong>et</strong></span> <span class='ocrx_word' id='word_1_186' title='bbox 814 2567 850 2604; x_wconf 88' lang='lat' dir='ltr'><strong>le</strong></span> <span class='ocrx_word' id='word_1_187' title='bbox 878 2576 965 2618; x_wconf 86' lang='lat' dir='ltr'><strong>port</strong></span> <span class='ocrx_word' id='word_1_188' title='bbox 990 2567 1039 2606; x_wconf 91' lang='lat' dir='ltr'><strong>de</strong></span> <span class='ocrx_word' id='word_1_189' title='bbox 1059 2570 1260 2619; x_wconf 87' lang='lat' dir='ltr'><strong>Venasque</strong></span> <span class='ocrx_word' id='word_1_190' title='bbox 1287 2567 1548 2617; x_wconf 83' lang='lat' dir='ltr'><strong>(aujourd&#39;hui</strong></span> <span class='ocrx_word' id='word_1_191' title='bbox 1573 2568 1667 2607; x_wconf 89' lang='lat' dir='ltr'><strong>dans</strong></span> <span class='ocrx_word' id='word_1_192' title='bbox 1694 2569 1728 2608; x_wconf 90' lang='lat' dir='ltr'><strong>le</strong></span> <span class='ocrx_word' id='word_1_193' title='bbox 1746 2569 1820 2620; x_wconf 64' lang='lat' dir='ltr'><strong>de·—</strong></span> 
     </span>
     <span class='ocr_line' id='line_1_27' title="bbox 410 2626 1820 2679; baseline 0 -14"><span class='ocrx_word' id='word_1_194' title='bbox 410 2635 624 2679; x_wconf 83' lang='lat' dir='ltr'><strong>partement</strong></span> <span class='ocrx_word' id='word_1_195' title='bbox 651 2626 718 2665; x_wconf 87' lang='lat' dir='ltr'><strong>des</strong></span> <span class='ocrx_word' id='word_1_196' title='bbox 744 2626 1127 2677; x_wconf 75' lang='lat' dir='ltr'><strong>flantes-Pyrenees).</strong></span> <span class='ocrx_word' id='word_1_197' title='bbox 1149 2629 1203 2665; x_wconf 89' lang='lat' dir='ltr'><strong>Le</strong></span> <span class='ocrx_word' id='word_1_198' title='bbox 1223 2635 1347 2665; x_wconf 92' lang='lat' dir='ltr'><strong>comte</strong></span> <span class='ocrx_word' id='word_1_199' title='bbox 1365 2630 1432 2678; x_wconf 85' lang='lat' dir='ltr'><strong>n&#39;y</strong></span> <span class='ocrx_word' id='word_1_200' title='bbox 1458 2640 1570 2679; x_wconf 87' lang='lat' dir='ltr'><strong>passa</strong></span> <span class='ocrx_word' id='word_1_201' title='bbox 1589 2641 1657 2678; x_wconf 89' lang='lat' dir='ltr'><strong>pas</strong></span> <span class='ocrx_word' id='word_1_202' title='bbox 1683 2636 1766 2666; x_wconf 94' lang='lat' dir='ltr'><strong>tout</strong></span> <span class='ocrx_word' id='word_1_203' title='bbox 1785 2629 1820 2665; x_wconf 89' lang='lat' dir='ltr'><strong>le</strong></span> 
     </span>
     <span class='ocr_line' id='line_1_28' title="bbox 409 2686 1820 2739; baseline -0.001 -13"><span class='ocrx_word' id='word_1_204' title='bbox 409 2697 533 2739; x_wconf 87' lang='lat' dir='ltr'><strong>temps</strong></span> <span class='ocrx_word' id='word_1_205' title='bbox 553 2687 600 2725; x_wconf 88' lang='lat' dir='ltr'><strong>de</strong></span> <span class='ocrx_word' id='word_1_206' title='bbox 616 2700 685 2725; x_wconf 88' lang='lat' dir='ltr'><strong>son</strong></span> <span class='ocrx_word' id='word_1_207' title='bbox 706 2686 876 2738; x_wconf 83' lang='lat' dir='ltr'><strong>premier</strong></span> <span class='ocrx_word' id='word_1_208' title='bbox 894 2686 983 2726; x_wconf 86' lang='lat' dir='ltr'><strong>exil.</strong></span> <span class='ocrx_word' id='word_1_209' title='bbox 1008 2687 1039 2724; x_wconf 91' lang='lat' dir='ltr'><strong>Il</strong></span> <span class='ocrx_word' id='word_1_210' title='bbox 1059 2699 1099 2724; x_wconf 87' lang='lat' dir='ltr'><strong>se</strong></span> <span class='ocrx_word' id='word_1_211' title='bbox 1120 2686 1192 2723; x_wconf 81' lang='lat' dir='ltr'><strong>tint</strong></span> <span class='ocrx_word' id='word_1_212' title='bbox 1209 2686 1371 2724; x_wconf 86' lang='lat' dir='ltr'><strong>d&#39;abord</strong></span> <span class='ocrx_word' id='word_1_213' title='bbox 1389 2688 1410 2724; x_wconf 74' lang='grc' dir='ltr'>ὲ</span> <span class='ocrx_word' id='word_1_214' title='bbox 1430 2687 1549 2725; x_wconf 86' lang='lat' dir='ltr'><strong>Ainsa</strong></span> <span class='ocrx_word' id='word_1_215' title='bbox 1566 2687 1614 2726; x_wconf 88' lang='lat' dir='ltr'><strong>de</strong></span> <span class='ocrx_word' id='word_1_216' title='bbox 1628 2686 1820 2727; x_wconf 79' lang='lat' dir='ltr'><strong>Sobrarbe</strong></span> 
     </span>
     <span class='ocr_line' id='line_1_29' title="bbox 410 2745 1578 2796; baseline -0.002 -12"><span class='ocrx_word' id='word_1_217' title='bbox 410 2759 460 2784; x_wconf 88' lang='lat' dir='ltr'><strong>en</strong></span> <span class='ocrx_word' id='word_1_218' title='bbox 478 2750 647 2796; x_wconf 81' lang='lat' dir='ltr'><strong>Aragon.</strong></span> <span class='ocrx_word' id='word_1_219' title='bbox 667 2745 812 2796; x_wconf 61' lang='lat' dir='ltr'><strong>(jur-ita,</strong></span> <span class='ocrx_word' id='word_1_220' title='bbox 833 2747 975 2782; x_wconf 78' lang='lat' dir='ltr'><strong>Anales</strong></span> <span class='ocrx_word' id='word_1_221' title='bbox 993 2747 1042 2782; x_wconf 88' lang='lat' dir='ltr'><strong>de</strong></span> <span class='ocrx_word' id='word_1_222' title='bbox 1059 2747 1224 2796; x_wconf 81' lang='lat' dir='ltr'><strong>Aragon,</strong></span> <span class='ocrx_word' id='word_1_223' title='bbox 1246 2746 1274 2786; x_wconf 89' lang='lat' dir='ltr'><strong>l.</strong></span> <span class='ocrx_word' id='word_1_224' title='bbox 1294 2748 1400 2794; x_wconf 83' lang='lat' dir='ltr'><strong>XVI,</strong></span> <span class='ocrx_word' id='word_1_225' title='bbox 1417 2759 1451 2784; x_wconf 92' lang='lat' dir='ltr'><strong>c.</strong></span> <span class='ocrx_word' id='word_1_226' title='bbox 1473 2759 1578 2785; x_wconf 73' lang='lat' dir='ltr'><strong>va1.</strong></span> 
     </span>
    </p>

    <p class='ocr_par' dir='ltr' id='par_1_7' title="bbox 465 2806 1611 2847">
     <span class='ocr_line' id='line_1_30' title="bbox 465 2806 1611 2847; baseline 0.001 -2"><span class='ocrx_word' id='word_1_227' title='bbox 465 2810 504 2846; x_wconf 73' lang='lat'><strong>2.</strong></span> <span class='ocrx_word' id='word_1_228' title='bbox 535 2810 603 2847; x_wconf 89' lang='lat' dir='ltr'><strong>Cet</strong></span> <span class='ocrx_word' id='word_1_229' title='bbox 619 2816 701 2846; x_wconf 85' lang='lat' dir='ltr'><strong>acte</strong></span> <span class='ocrx_word' id='word_1_230' title='bbox 717 2816 773 2845; x_wconf 90' lang='lat' dir='ltr'><strong>est</strong></span> <span class='ocrx_word' id='word_1_231' title='bbox 789 2807 875 2845; x_wconf 74' lang='lat' dir='ltr'><strong>date</strong></span> <span class='ocrx_word' id='word_1_232' title='bbox 894 2807 947 2845; x_wconf 93' lang='lat' dir='ltr'><strong>du</strong></span> <span class='ocrx_word' id='word_1_233' title='bbox 967 2809 1011 2845; x_wconf 82' lang='lat'><strong>11</strong></span> <span class='ocrx_word' id='word_1_234' title='bbox 1037 2806 1192 2846; x_wconf 90' lang='lat' dir='ltr'><strong>octobre</strong></span> <span class='ocrx_word' id='word_1_235' title='bbox 1210 2809 1328 2846; x_wconf 72' lang='lat'>1⁴61.</span> <span class='ocrx_word' id='word_1_236' title='bbox 1607 2814 1611 2816; x_wconf 83' lang='lat'>&#39;</span> 
     </span>
    </p>
   </div>
  </div>
 </body>
</html>
