2054 3470
701 332 849 368 unm
882 331 1123 377 QUARTUS.
1540 328 1617 369 280

634 599 832 651 LIBER
871 597 1196 659 QUARTUS.

561 949 952 994 CAPITULUM
997 947 1280 994 PRIMUM.

213 1083 384 1128 Qualiter,
401 1084 571 1120 exstincto
598 1084 792 1130 Aquitaniae
811 1083 919 1128 duce,
939 1097 1002 1119 rex
1020 1084 1137 1118 multis
1157 1082 1438 1118 simulationibus
1465 1081 1629 1118 deluserit

261 1135 388 1172 duoem
406 1136 639 1185 Burgundiae3
658 1146 692 1172 et
710 1137 755 1172 de
773 1138 1033 1185 expugnatione
1050 1137 1177 1173 castelli
1202 1136 1248 1172 de
1267 1137 1366 1172 Nesla
1381 1137 1419 1171 in
1432 1137 1628 1172 Viroman-

261 1189 335 1235 dia,
354 1199 389 1226 et
406 1190 590 1226 obsidione
608 1190 747 1225 Belvaci
764 1203 828 1238 per
846 1190 1130 1239 Burgundiones.

281 1313 414 1359 Hanc
435 1321 593 1358 autem
618 1311 829 1375 germani
861 1311 933 1358 sui
960 1320 1182 1371 mortem,
1212 1309 1490 1375 priusquam
1514 1329 1630 1359 con-

217 1395 453 1432 summata
483 1394 529 1432 et
565 1384 748 1450 expleta
782 1393 929 1445 esset,
978 1401 1061 1430 rex
1095 1400 1195 1430 non
1233 1393 1283 1430 ut
1317 1384 1552 1432 incertum
1583 1397 1630 1449 et

216 1461 493 1525 ambiguum
519 1460 839 1526 exspectabat.
871 1460 1058 1508 Sciebat
1087 1462 1215 1507 enim
1248 1478 1352 1525 quae
1392 1473 1604 1510 sementa
1622 1466 1634 1488 ¹

211 1540 340 1603 Jacta
358 1539 569 1599 fuissent,
582 1542 614 1586 ‘a
636 1538 810 1603 quibus
829 1537 1072 1598 diuturna,
1089 1555 1183 1602 qua
1201 1538 1474 1601 languebat,
1495 1541 1629 1604 aegri-

215 1615 336 1663 tudo
360 1616 632 1681 proveniret
657 1634 667 1662 :
695 1615 840 1675 unde,
867 1615 977 1662 satis
1001 1614 1085 1661 diu
1119 1624 1375 1679 antequam
1410 1617 1627 1681 spiritum

215 1692 471 1752 exhalaret,
500 1709 720 1757 magnam
743 1692 990 1756 copiarum
1012 1707 1206 1738 suarum
1222 1701 1405 1756 partem
1428 1693 1490 1740 ad
1510 1711 1628 1741 con-

215 1768 334 1817 fines
352 1771 610 1834 Aquitaniae
628 1769 895 1828 collocavit,
914 1777 981 1829 ut,
999 1784 1057 1814 eo
1082 1778 1418 1816 consummato
1435 1779 1482 1817 et
1501 1770 1628 1818 diem

215 1846 400 1908 functo,
421 1847 601 1912 absque
630 1862 766 1893 mora
793 1848 960 1892 omnes
991 1846 1138 1910 ipsius
1166 1854 1314 1892 terras
1336 1856 1383 1893 et
1416 1846 1628 1896 dominia

216 1935 485 1990 occuparet.
513 1927 569 1972 Et
590 1941 651 1971 ne
668 1924 826 1971 forsan
851 1923 947 1970 dux
970 1921 1253 1986 Burgundiae
1274 1923 1503 1972 aestimare
1521 1942 1629 1990 pos-

215 2010 285 2048 set
314 2018 425 2048 eum
455 2012 656 2067 treugas,
682 2017 788 2065 quae
810 2000 968 2048 adhuc
997 1998 1236 2046 durabant
1249 2001 1279 2058 ²,
1306 2000 1483 2049 violare
1508 2003 1627 2050 velle

214 2079 282 2144 (in
306 2079 480 2145 quibus
502 2079 902 2144 comprehensum
939 2078 1040 2125 fore
1069 2078 1225 2142 ipsum
1252 2079 1511 2142 Aquitanioe
1543 2081 1627 2129 du-

215 2172 338 2218 cem,
357 2166 584 2221 tanquam
605 2156 882 2203 foederatum
903 2155 1009 2213 sibi,
1031 2164 1141 2202 ante
1160 2156 1257 2219 regi
1278 2147 1621 2222 denuntiarat),

214 2233 276 2281 ad
296 2222 583 2282 abolendam
605 2233 938 2298 hujuscemodi
960 2233 1298 2297 suspicionem,
1325 2233 1484 2298 plures
1506 2253 1625 2283 nun-

215 2311 306 2358 tios
339 2321 386 2359 et
420 2310 642 2376 epistolas
686 2327 769 2358 rex
797 2310 953 2357 eidem
993 2309 1104 2356 duci
1142 2311 1424 2373 Burgundiae
1460 2313 1619 2375 misit,

215 2387 388 2451 quibus
410 2388 498 2435 sibi
524 2387 769 2435 intimabat
790 2387 871 2434 illo
893 2403 1002 2434 suas
1026 2387 1189 2451 copias
1215 2387 1489 2449 destinasse,
1522 2408 1620 2438 non

216 2464 348 2527 quod
375 2454 561 2529 &eugas
583 2465 761 2512 violare
790 2464 863 2512 vel
895 2464 1150 2527 infringere
1171 2465 1339 2525 vellet,
1367 2467 1474 2528 sed,
1512 2470 1622 2532 quia

216 2540 357 2588 frater
378 2559 490 2589 suus
512 2543 712 2606 graviter
733 2551 997 2605 aegrotaret,
1017 2542 1172 2588 vereri
1191 2558 1241 2588 se
1263 2559 1325 2589 ne
1349 2543 1487 2605 forte,
1511 2547 1548 2591 si
1572 2547 1621 2592 in

217 2613 311 2662 fata
342 2618 664 2678 concessisset,
699 2633 860 2664 comes
887 2616 1142 2663 Arminiaci
1178 2627 1259 2663 aut
1303 2617 1422 2664 alius
1458 2619 1624 2683 aliquis·

272 2757 289 2792 1
302 2787 311 2795 .
341 2757 444 2792 Pour
460 2757 615 2795 semina.
633 2755 667 2794 11
687 2769 712 2806 y
735 2769 758 2794 a
774 2765 944 2793 sumenta
964 2756 1060 2794 dans
1079 2756 1114 2794 le
1134 2769 1206 2794 ms.

273 2814 311 2849 2.
341 2813 372 2849 ῙΙ
394 2813 503 2864 s'agit
519 2813 569 2851 de
586 2814 623 2852 la
643 2816 748 2852 treve
770 2815 928 2853 conclue
946 2815 1088 2853 devant
1106 2815 1277 2855 Amiens.

429 2896 460 2920 11
1397 2892 1443 2928 19
