2054 3470
795 374 942 411 LIBER
967 372 1167 410 PRIMUS.
1638 371 1653 406 1
1665 372 1687 406 5

280 465 424 513 fultus
450 473 499 512 et
521 474 617 510 tam
636 460 1058 509 celeberrimorum
1087 459 1231 506 totius
1257 458 1392 521 regni
1426 458 1689 521 gallicanae-

280 559 374 607 que
411 541 624 588 Ecclesiae
658 547 984 586 conventuum
1022 536 1225 584 consilio
1271 546 1318 583 et
1352 536 1686 594 consensione,

280 620 505 668 sanxisset
525 654 538 677 ,
584 615 786 664 voluerit
825 631 911 679 per
947 613 1296 680 poenitudinem
1335 612 1516 660 aboleri
1554 623 1603 659 et
1640 613 1689 659 in

281 697 464 744 irritum
486 694 676 742 deduci.

767 923 1102 970 CAPITULUM
1145 923 1199 967 V.

341 1055 534 1102 Quomodo
550 1066 610 1092 rex
627 1068 740 1091 novus
754 1056 886 1102 regiam
900 1068 999 1091 suam
1015 1054 1227 1090 Parisiorum
1247 1054 1371 1090 urbem
1389 1053 1562 1102 ingressus
1576 1063 1638 1093 est,

352 1186 607 1246 Postquam
622 1192 783 1230 autem
795 1182 977 1246 aliquot
989 1179 1158 1227 diebus
1177 1180 1225 1226 in
1240 1180 1371 1227 dicto
1387 1181 1496 1228 loco
1513 1183 1696 1229 Sancti-

286 1259 499 1323 Dionysii
518 1267 782 1306 remoratus
801 1267 939 1316 esset,
958 1257 1290 1305 venationibus
1309 1266 1356 1304 et
1378 1258 1595 1323 aucupiis
1617 1274 1698 1306 ve-

287 1337 533 1385 hementer
554 1335 842 1402 [intentus],
867 1337 1132 1399 ingressum
1162 1334 1295 1382 urbis
1328 1336 1466 1399 regiae
1496 1337 1697 1383 Parisio-

289 1431 421 1475 rum,
448 1415 494 1461 in
519 1431 614 1478 qua
637 1413 856 1461 nondum
876 1413 1084 1478 perfecta
1105 1421 1240 1459 erant
1262 1427 1366 1476 quae
1387 1412 1448 1459 ad
1469 1428 1700 1478 pompam

291 1502 339 1540 et
359 1491 757 1555 magnificentiam
781 1491 1066 1556 receptionis
1085 1506 1180 1537 suae
1201 1489 1557 1555 apparabantur
1570 1526 1582 1549 ‚
1610 1490 1701 1537 dif-

291 1570 446 1617 ferens
481 1580 528 1616 et
563 1569 845 1634 protrahens
867 1606 879 1628 ,
921 1568 982 1615 ad
1022 1567 1281 1632 quamdam
1315 1567 1516 1615 domum
1549 1585 1702 1634 prope

292 1647 826 1706 Montem·Martyrum¹,
853 1643 963 1690 urbi
984 1645 1323 1709 propinquam,
1349 1646 1560 1691 accessit.
1590 1648 1705 1692 Per-

294 1721 472 1768 tinebat
506 1732 665 1769 autem
695 1720 863 1768 eadem
898 1720 1071 1767 domus
1105 1720 1294 1767 cuidam
1330 1721 1423 1767 civi
1458 1722 1704 1769 Parisiensi

293 1799 376 1863 qui
409 1798 671 1846 vocabatur
699 1799 920 1861 magister
950 1800 1155 1844 Joannes
1191 1800 1423 1858 Bureau’,
1457 1799 1545 1862 qui.
1580 1814 1706 1846 unus

293 1884 394 1923 erat
423 1876 485 1923 de
507 1875 803 1940 generalibus
824 1874 1139 1922 financiarum
1162 1883 1209 1921 et
1227 1875 1531 1922 exactionum
1549 1877 1701 1939 regni.

295 1953 514 1999 Decursis
555 1963 714 2000 autem
747 1951 918 1999 exinde
953 1951 1104 1999 tribus
1142 1960 1223 1998 aut
1264 1961 1471 2014 quatuor
1505 1952 1702 2014 diebus,

295 2029 448 2094 prima
479 2030 783 2077 hebdomade
818 2028 1098 2094 septembris
1109 2064 1122 2088 ,
1163 2045 1273 2075 cum
1311 2029 1609 2078 nobilissimo
1652 2047 1707 2078 ac

295 2105 758 2170 magnificentissimo
802 2106 1029 2153 comitatu
1053 2143 1064 2163 ‚
1115 2104 1286 2151 urbem
1326 2106 1563 2169 ingressus
1602 2117 1672 2154 est
1692 2145 1704 2168 ,

296 2183 440 2248 paulo
462 2193 569 2249 post
590 2183 760 2231 horam
781 2199 1102 2248 vesperarum.
1130 2185 1187 2228 Et
1209 2182 1478 2245 ingrediens
1501 2183 1671 2231 urbem
1692 2222 1704 2244 ,

299 2259 361 2307 ad
382 2261 751 2325 insignissimum
776 2261 911 2307 titulo
936 2261 1150 2324 gloriosae
1180 2260 1268 2306 Dei
1300 2261 1548 2323 genetricis
1573 2261 1710 2309 dedi-

299 2348 455 2386 catum
472 2340 703 2405 templum
720 2355 778 2386 ex
792 2354 926 2385 more
948 2339 1158 2385 accessit.
1186 2340 1239 2383 In
1265 2353 1363 2400 quo
1386 2354 1414 2385 a
1436 2340 1710 2387 venerando

303 2416 431 2464 urbis
442 2427 489 2464 et
507 2422 608 2464 Deo
628 2417 819 2464 amabili
835 2417 1062 2476 antistite,
1088 2415 1346 2463 Guillelmo
1365 2417 1707 2482 Quadrigarii⁸,

303 2493 406 2540 viro
439 2494 713 2542 doctissimo
744 2505 790 2542 et
824 2495 920 2542 vita
953 2503 1095 2558 atque
1128 2492 1341 2541 moribus
1375 2494 1711 2560 probatissimo

360 2631 397 2666 1.
424 2632 530 2669 eette
554 2631 699 2669 maison
727 2631 847 2669 situee
871 2644 919 2669 au
952 2629 1022 2669 bas
1047 2630 1095 2669 de
1119 2633 1392 2678 Montmartre,
1420 2632 1511 2670 etait
1529 2632 1626 2671 celle
1646 2633 1713 2671 des

309 2687 556 2728 Porcherons.
580 2692 714 2730 Chron.
734 2693 883 2740 scand„
904 2690 952 2728 ad
971 2703 1063 2730 ann.
1090 2692 1206 2731 1461.

362 2749 402 2785 2.
431 2750 483 2786 Le
514 2750 638 2788 meme
668 2749 762 2788 dont
792 2750 958 2789 l’auteur
986 2763 1011 2788 a
1040 2749 1107 2788 fait
1143 2750 1283 2805 l’eloge
1313 2751 1410 2791 dans
1441 2751 1637 2790 l'ffistoire
1664 2751 1714 2789 de

310 2805 463 2845 Chai-les
483 2809 566 2854 Vll,
587 2808 611 2847 l.
636 2811 683 2855 V,
703 2809 764 2848 ch.
784 2823 839 2848 vx.

367 2870 403 2904 3.
435 2867 651 2907 Guillaume
667 2869 853 2908 Chartier.
