<?xml version="1.0" encoding="UTF-8"?>
<!DOCTYPE html PUBLIC "-//W3C//DTD XHTML 1.0 Transitional//EN"
    "http://www.w3.org/TR/xhtml1/DTD/xhtml1-transitional.dtd">
<html xmlns="http://www.w3.org/1999/xhtml" xml:lang="en" lang="en">
 <head>
  <title>
</title>
<meta http-equiv="Content-Type" content="text/html;charset=utf-8" />
  <meta name='ocr-system' content='tesseract 3.04.00' />
  <meta name='ocr-capabilities' content='ocr_page ocr_carea ocr_par ocr_line ocrx_word'/>
</head>
<body>
  <div class='ocr_page' id='page_1' title='image "./histoiredesrgn02basiuoft_0313.png"; bbox 0 0 2054 3470; ppageno 0'>
   <div class='ocr_carea' id='block_1_1' title="bbox 723 349 1627 388">
    <p class='ocr_par' dir='ltr' id='par_1_1' title="bbox 723 349 1627 388">
     <span class='ocr_line' id='line_1_1' title="bbox 723 349 1627 388; baseline 0.003 -4"><span class='ocrx_word' id='word_1_1' title='bbox 723 349 869 385; x_wconf 83' lang='lat' dir='ltr'><strong>LIBER</strong></span> <span class='ocrx_word' id='word_1_2' title='bbox 903 349 1120 387; x_wconf 86' lang='lat' dir='ltr'><strong>TERTIUS.</strong></span> <span class='ocrx_word' id='word_1_3' title='bbox 1551 351 1627 388; x_wconf 71' lang='lat'><strong>229</strong></span> 
     </span>
    </p>
   </div>
   <div class='ocr_carea' id='block_1_2' title="bbox 217 435 1647 2662">
    <p class='ocr_par' dir='ltr' id='par_1_2' title="bbox 224 435 1647 807">
     <span class='ocr_line' id='line_1_2' title="bbox 224 435 1629 504; baseline -0.004 -16"><span class='ocrx_word' id='word_1_4' title='bbox 224 440 402 504; x_wconf 85' lang='lat' dir='ltr'><strong>absque</strong></span> <span class='ocrx_word' id='word_1_5' title='bbox 427 438 547 486; x_wconf 82' lang='lat' dir='ltr'><strong>scitu</strong></span> <span class='ocrx_word' id='word_1_6' title='bbox 574 445 621 484; x_wconf 90' lang='lat' dir='ltr'><strong>et</strong></span> <span class='ocrx_word' id='word_1_7' title='bbox 646 435 826 499; x_wconf 85' lang='lat' dir='ltr'>absque</span> <span class='ocrx_word' id='word_1_8' title='bbox 856 435 1098 482; x_wconf 87' lang='lat' dir='ltr'><strong>voluntate</strong></span> <span class='ocrx_word' id='word_1_9' title='bbox 1125 444 1268 498; x_wconf 91' lang='lat' dir='ltr'><strong>atque</strong></span> <span class='ocrx_word' id='word_1_10' title='bbox 1291 450 1529 481; x_wconf 89' lang='lat' dir='ltr'><strong>consensu</strong></span> <span class='ocrx_word' id='word_1_11' title='bbox 1550 454 1629 483; x_wconf 85' lang='lat' dir='ltr'><strong>ex-</strong></span> 
     </span>
     <span class='ocr_line' id='line_1_3' title="bbox 225 512 1647 582; baseline -0.003 -18"><span class='ocrx_word' id='word_1_12' title='bbox 225 517 393 582; x_wconf 82' lang='lat' dir='ltr'>pressis</span> <span class='ocrx_word' id='word_1_13' title='bbox 424 514 545 578; x_wconf 89' lang='lat' dir='ltr'><strong>regis</strong></span> <span class='ocrx_word' id='word_1_14' title='bbox 579 512 808 572; x_wconf 79' lang='lat' dir='ltr'><strong>Franciae3</strong></span> <span class='ocrx_word' id='word_1_15' title='bbox 845 512 960 575; x_wconf 92' lang='lat' dir='ltr'><strong>quin</strong></span> <span class='ocrx_word' id='word_1_16' title='bbox 999 512 1159 576; x_wconf 90' lang='lat' dir='ltr'><strong>potius</strong></span> <span class='ocrx_word' id='word_1_17' title='bbox 1190 521 1555 577; x_wconf 83' lang='lat' dir='ltr'><strong>prosequeretur</strong></span> <span class='ocrx_word' id='word_1_18' title='bbox 1585 523 1647 560; x_wconf 45' lang='lat' dir='ltr'><strong>et*</strong></span> 
     </span>
     <span class='ocr_line' id='line_1_4' title="bbox 224 588 1631 658; baseline -0.003 -17"><span class='ocrx_word' id='word_1_19' title='bbox 224 594 501 658; x_wconf 86' lang='lat' dir='ltr'><strong>perduceret</strong></span> <span class='ocrx_word' id='word_1_20' title='bbox 531 606 747 655; x_wconf 86' lang='lat' dir='ltr'><strong>guerram</strong></span> <span class='ocrx_word' id='word_1_21' title='bbox 784 589 1057 654; x_wconf 86' lang='lat' dir='ltr'><strong>praedictam</strong></span> <span class='ocrx_word' id='word_1_22' title='bbox 1095 605 1245 654; x_wconf 92' lang='lat' dir='ltr'><strong>usque</strong></span> <span class='ocrx_word' id='word_1_23' title='bbox 1278 588 1341 636; x_wconf 92' lang='lat' dir='ltr'><strong>ad</strong></span> <span class='ocrx_word' id='word_1_24' title='bbox 1371 598 1631 637; x_wconf 86' lang='lat' dir='ltr'><strong>extremam</strong></span> 
     </span>
     <span class='ocr_line' id='line_1_5' title="bbox 224 665 1631 732; baseline -0.005 -13"><span class='ocrx_word' id='word_1_25' title='bbox 224 681 271 718; x_wconf 90' lang='lat' dir='ltr'><strong>et</strong></span> <span class='ocrx_word' id='word_1_26' title='bbox 306 669 495 718; x_wconf 80' lang='lat' dir='ltr'><strong>totalem</strong></span> <span class='ocrx_word' id='word_1_27' title='bbox 527 676 848 732; x_wconf 84' lang='lat' dir='ltr'><strong>conquaestam</strong></span> <span class='ocrx_word' id='word_1_28' title='bbox 888 665 1068 731; x_wconf 84' lang='lat' dir='ltr'><strong>praefati</strong></span> <span class='ocrx_word' id='word_1_29' title='bbox 1107 665 1242 713; x_wconf 89' lang='lat' dir='ltr'><strong>ducis</strong></span> <span class='ocrx_word' id='word_1_30' title='bbox 1278 666 1561 729; x_wconf 87' lang='lat' dir='ltr'><strong>Burgundiae</strong></span> <span class='ocrx_word' id='word_1_31' title='bbox 1584 675 1631 713; x_wconf 90' lang='lat' dir='ltr'><strong>et</strong></span> 
     </span>
     <span class='ocr_line' id='line_1_6' title="bbox 225 742 1441 807; baseline -0.004 -13"><span class='ocrx_word' id='word_1_32' title='bbox 225 747 439 795; x_wconf 91' lang='lat' dir='ltr'><strong>omnium</strong></span> <span class='ocrx_word' id='word_1_33' title='bbox 463 755 694 792; x_wconf 87' lang='lat' dir='ltr'><strong>terrarum</strong></span> <span class='ocrx_word' id='word_1_34' title='bbox 714 760 910 791; x_wconf 90' lang='lat' dir='ltr'><strong>suarum</strong></span> <span class='ocrx_word' id='word_1_35' title='bbox 933 753 1075 807; x_wconf 92' lang='lat' dir='ltr'><strong>atque</strong></span> <span class='ocrx_word' id='word_1_36' title='bbox 1098 742 1441 790; x_wconf 85' lang='lat' dir='ltr'><strong>dominiorum.</strong></span> 
     </span>
    </p>

    <p class='ocr_par' dir='ltr' id='par_1_3' title="bbox 219 820 1634 1657">
     <span class='ocr_line' id='line_1_7' title="bbox 287 820 1631 888; baseline -0.001 -18"><span class='ocrx_word' id='word_1_37' title='bbox 287 826 345 870; x_wconf 89' lang='lat' dir='ltr'><strong>Et</strong></span> <span class='ocrx_word' id='word_1_38' title='bbox 363 839 557 888; x_wconf 88' lang='lat' dir='ltr'><strong>prorsus</strong></span> <span class='ocrx_word' id='word_1_39' title='bbox 586 821 801 870; x_wconf 87' lang='lat' dir='ltr'><strong>similiter</strong></span> <span class='ocrx_word' id='word_1_40' title='bbox 830 831 876 867; x_wconf 92' lang='lat' dir='ltr'><strong>et</strong></span> <span class='ocrx_word' id='word_1_41' title='bbox 899 820 1081 868; x_wconf 89' lang='lat' dir='ltr'><strong>eisdem</strong></span> <span class='ocrx_word' id='word_1_42' title='bbox 1100 820 1257 867; x_wconf 87' lang='lat' dir='ltr'><strong>verbis</strong></span> <span class='ocrx_word' id='word_1_43' title='bbox 1271 821 1475 884; x_wconf 86' lang='lat' dir='ltr'><strong>juravit,</strong></span> <span class='ocrx_word' id='word_1_44' title='bbox 1500 830 1547 868; x_wconf 93' lang='lat' dir='ltr'><strong>et</strong></span> <span class='ocrx_word' id='word_1_45' title='bbox 1570 821 1631 869; x_wconf 90' lang='lat' dir='ltr'><strong>de</strong></span> 
     </span>
     <span class='ocr_line' id='line_1_8' title="bbox 223 897 1634 964; baseline -0.001 -16"><span class='ocrx_word' id='word_1_46' title='bbox 223 900 316 948; x_wconf 89' lang='lat' dir='ltr'><strong>hoc</strong></span> <span class='ocrx_word' id='word_1_47' title='bbox 341 900 480 947; x_wconf 88' lang='lat' dir='ltr'><strong>etiam</strong></span> <span class='ocrx_word' id='word_1_48' title='bbox 513 916 620 946; x_wconf 86' lang='lat' dir='ltr'><strong>suas</strong></span> <span class='ocrx_word' id='word_1_49' title='bbox 649 908 863 964; x_wconf 89' lang='lat' dir='ltr'><strong>patentes</strong></span> <span class='ocrx_word' id='word_1_50' title='bbox 895 907 941 945; x_wconf 93' lang='lat' dir='ltr'><strong>et</strong></span> <span class='ocrx_word' id='word_1_51' title='bbox 969 898 1264 945; x_wconf 88' lang='lat' dir='ltr'><strong>authenticas</strong></span> <span class='ocrx_word' id='word_1_52' title='bbox 1294 897 1472 945; x_wconf 83' lang='lat' dir='ltr'><strong>litteras</strong></span> <span class='ocrx_word' id='word_1_53' title='bbox 1501 898 1634 946; x_wconf 91' lang='lat' dir='ltr'><strong>dedit</strong></span> 
     </span>
     <span class='ocr_line' id='line_1_9' title="bbox 221 975 1631 1042; baseline 0 -18"><span class='ocrx_word' id='word_1_54' title='bbox 221 977 489 1025; x_wconf 85' lang='lat' dir='ltr'><strong>Ludovicus</strong></span> <span class='ocrx_word' id='word_1_55' title='bbox 505 1013 517 1036; x_wconf 91' lang='lat'>,</span> <span class='ocrx_word' id='word_1_56' title='bbox 543 979 836 1024; x_wconf 87' lang='lat' dir='ltr'><strong>Francorum</strong></span> <span class='ocrx_word' id='word_1_57' title='bbox 869 992 948 1023; x_wconf 78' lang='lat' dir='ltr'><strong>rex</strong></span> <span class='ocrx_word' id='word_1_58' title='bbox 964 1013 976 1034; x_wconf 85' lang='lat'>,</span> <span class='ocrx_word' id='word_1_59' title='bbox 1019 976 1107 1040; x_wconf 88' lang='lat' dir='ltr'><strong>ipsi</strong></span> <span class='ocrx_word' id='word_1_60' title='bbox 1145 975 1369 1023; x_wconf 91' lang='lat' dir='ltr'><strong>Edoardo</strong></span> <span class='ocrx_word' id='word_1_61' title='bbox 1387 1013 1399 1035; x_wconf 91' lang='lat'>,</span> <span class='ocrx_word' id='word_1_62' title='bbox 1427 977 1631 1042; x_wconf 89' lang='lat' dir='ltr'><strong>principi</strong></span> 
     </span>
     <span class='ocr_line' id='line_1_10' title="bbox 220 1052 1632 1117; baseline -0.001 -14"><span class='ocrx_word' id='word_1_63' title='bbox 220 1053 415 1103; x_wconf 86' lang='lat' dir='ltr'><strong>Walliae.</strong></span> <span class='ocrx_word' id='word_1_64' title='bbox 443 1057 546 1101; x_wconf 90' lang='lat' dir='ltr'><strong>Hoc</strong></span> <span class='ocrx_word' id='word_1_65' title='bbox 568 1063 727 1102; x_wconf 89' lang='lat' dir='ltr'><strong>autem</strong></span> <span class='ocrx_word' id='word_1_66' title='bbox 749 1054 891 1101; x_wconf 88' lang='lat' dir='ltr'><strong>etiam</strong></span> <span class='ocrx_word' id='word_1_67' title='bbox 916 1054 966 1100; x_wconf 91' lang='lat' dir='ltr'><strong>in</strong></span> <span class='ocrx_word' id='word_1_68' title='bbox 986 1052 1263 1117; x_wconf 88' lang='lat' dir='ltr'><strong>hujusmodi</strong></span> <span class='ocrx_word' id='word_1_69' title='bbox 1286 1053 1452 1101; x_wconf 84' lang='lat' dir='ltr'><strong>litteris</strong></span> <span class='ocrx_word' id='word_1_70' title='bbox 1476 1064 1523 1101; x_wconf 90' lang='lat' dir='ltr'><strong>et</strong></span> <span class='ocrx_word' id='word_1_71' title='bbox 1545 1054 1632 1102; x_wconf 85' lang='lat' dir='ltr'><strong>foe-</strong></span> 
     </span>
     <span class='ocr_line' id='line_1_11' title="bbox 219 1130 1631 1196; baseline -0.001 -16"><span class='ocrx_word' id='word_1_72' title='bbox 219 1132 332 1180; x_wconf 86' lang='lat' dir='ltr'><strong>dere</strong></span> <span class='ocrx_word' id='word_1_73' title='bbox 354 1132 576 1196; x_wconf 81' lang='lat' dir='ltr'><strong>utrinque</strong></span> <span class='ocrx_word' id='word_1_74' title='bbox 597 1131 835 1196; x_wconf 88' lang='lat' dir='ltr'><strong>adjectum</strong></span> <span class='ocrx_word' id='word_1_75' title='bbox 857 1140 975 1190; x_wconf 84' lang='lat' dir='ltr'><strong>erat,</strong></span> <span class='ocrx_word' id='word_1_76' title='bbox 999 1131 1132 1195; x_wconf 91' lang='lat' dir='ltr'><strong>quod</strong></span> <span class='ocrx_word' id='word_1_77' title='bbox 1151 1130 1228 1177; x_wconf 91' lang='lat' dir='ltr'><strong>ille</strong></span> <span class='ocrx_word' id='word_1_78' title='bbox 1252 1147 1308 1178; x_wconf 88' lang='lat' dir='ltr'><strong>ex</strong></span> <span class='ocrx_word' id='word_1_79' title='bbox 1331 1131 1444 1196; x_wconf 90' lang='lat' dir='ltr'><strong>ipsis</strong></span> <span class='ocrx_word' id='word_1_80' title='bbox 1465 1132 1631 1179; x_wconf 87' lang='lat' dir='ltr'><strong>ambo·</strong></span> 
     </span>
     <span class='ocr_line' id='line_1_12' title="bbox 219 1208 1632 1276; baseline 0.001 -19"><span class='ocrx_word' id='word_1_81' title='bbox 219 1208 326 1270; x_wconf 91' lang='lat' dir='ltr'><strong>bus,</strong></span> <span class='ocrx_word' id='word_1_82' title='bbox 353 1211 435 1275; x_wconf 92' lang='lat' dir='ltr'><strong>qui</strong></span> <span class='ocrx_word' id='word_1_83' title='bbox 456 1210 517 1257; x_wconf 91' lang='lat' dir='ltr'><strong>de</strong></span> <span class='ocrx_word' id='word_1_84' title='bbox 539 1227 623 1257; x_wconf 88' lang='lat' dir='ltr'><strong>sua</strong></span> <span class='ocrx_word' id='word_1_85' title='bbox 646 1219 779 1276; x_wconf 87' lang='lat' dir='ltr'><strong>parte</strong></span> <span class='ocrx_word' id='word_1_86' title='bbox 801 1225 883 1256; x_wconf 90' lang='lat' dir='ltr'><strong>seu</strong></span> <span class='ocrx_word' id='word_1_87' title='bbox 908 1208 968 1256; x_wconf 90' lang='lat' dir='ltr'><strong>de</strong></span> <span class='ocrx_word' id='word_1_88' title='bbox 991 1226 1079 1256; x_wconf 91' lang='lat' dir='ltr'><strong>suo</strong></span> <span class='ocrx_word' id='word_1_89' title='bbox 1100 1210 1246 1256; x_wconf 91' lang='lat' dir='ltr'><strong>latere</strong></span> <span class='ocrx_word' id='word_1_90' title='bbox 1268 1209 1401 1274; x_wconf 91' lang='lat' dir='ltr'><strong>prior</strong></span> <span class='ocrx_word' id='word_1_91' title='bbox 1423 1211 1632 1275; x_wconf 88' lang='lat' dir='ltr'><strong>comple-</strong></span> 
     </span>
     <span class='ocr_line' id='line_1_13' title="bbox 220 1285 1631 1352; baseline 0.002 -20"><span class='ocrx_word' id='word_1_92' title='bbox 220 1296 290 1332; x_wconf 87' lang='lat' dir='ltr'><strong>ret</strong></span> <span class='ocrx_word' id='word_1_93' title='bbox 319 1295 365 1333; x_wconf 86' lang='lat' dir='ltr'><strong>et</strong></span> <span class='ocrx_word' id='word_1_94' title='bbox 393 1285 638 1351; x_wconf 90' lang='lat' dir='ltr'><strong>perficeret</strong></span> <span class='ocrx_word' id='word_1_95' title='bbox 668 1286 847 1333; x_wconf 90' lang='lat' dir='ltr'><strong>dictam</strong></span> <span class='ocrx_word' id='word_1_96' title='bbox 874 1295 1221 1350; x_wconf 85' lang='lat' dir='ltr'><strong>conquaestam,</strong></span> <span class='ocrx_word' id='word_1_97' title='bbox 1247 1302 1348 1332; x_wconf 91' lang='lat' dir='ltr'><strong>non</strong></span> <span class='ocrx_word' id='word_1_98' title='bbox 1377 1295 1631 1352; x_wconf 87' lang='lat' dir='ltr'><strong>propterea</strong></span> 
     </span>
     <span class='ocr_line' id='line_1_14' title="bbox 219 1362 1632 1427; baseline 0.001 -18"><span class='ocrx_word' id='word_1_99' title='bbox 219 1362 473 1410; x_wconf 88' lang='lat' dir='ltr'><strong>dimitteret</strong></span> <span class='ocrx_word' id='word_1_100' title='bbox 491 1363 710 1410; x_wconf 90' lang='lat' dir='ltr'><strong>eamdem</strong></span> <span class='ocrx_word' id='word_1_101' title='bbox 733 1379 968 1427; x_wconf 86' lang='lat' dir='ltr'><strong>guerram,</strong></span> <span class='ocrx_word' id='word_1_102' title='bbox 989 1362 1072 1410; x_wconf 89' lang='lat' dir='ltr'><strong>sed</strong></span> <span class='ocrx_word' id='word_1_103' title='bbox 1095 1373 1334 1410; x_wconf 87' lang='lat' dir='ltr'><strong>teneretur</strong></span> <span class='ocrx_word' id='word_1_104' title='bbox 1349 1379 1459 1410; x_wconf 93' lang='lat' dir='ltr'><strong>cum</strong></span> <span class='ocrx_word' id='word_1_105' title='bbox 1479 1364 1632 1411; x_wconf 88' lang='lat' dir='ltr'><strong>omni-</strong></span> 
     </span>
     <span class='ocr_line' id='line_1_15' title="bbox 219 1439 1629 1504; baseline 0.002 -18"><span class='ocrx_word' id='word_1_106' title='bbox 219 1439 310 1486; x_wconf 91' lang='lat' dir='ltr'><strong>bus</strong></span> <span class='ocrx_word' id='word_1_107' title='bbox 341 1440 437 1486; x_wconf 88' lang='lat' dir='ltr'><strong>suis</strong></span> <span class='ocrx_word' id='word_1_108' title='bbox 462 1440 612 1504; x_wconf 87' lang='lat' dir='ltr'><strong>copiis</strong></span> <span class='ocrx_word' id='word_1_109' title='bbox 641 1440 708 1487; x_wconf 90' lang='lat' dir='ltr'><strong>ire</strong></span> <span class='ocrx_word' id='word_1_110' title='bbox 739 1440 800 1486; x_wconf 92' lang='lat' dir='ltr'><strong>ad</strong></span> <span class='ocrx_word' id='word_1_111' title='bbox 830 1439 976 1487; x_wconf 91' lang='lat' dir='ltr'><strong>alium</strong></span> <span class='ocrx_word' id='word_1_112' title='bbox 994 1440 1262 1503; x_wconf 90' lang='lat' dir='ltr'><strong>juvandum</strong></span> <span class='ocrx_word' id='word_1_113' title='bbox 1290 1449 1432 1504; x_wconf 86' lang='lat' dir='ltr'><strong>atque</strong></span> <span class='ocrx_word' id='word_1_114' title='bbox 1458 1441 1629 1489; x_wconf 92' lang='lat' dir='ltr'><strong>subve-</strong></span> 
     </span>
     <span class='ocr_line' id='line_1_16' title="bbox 221 1515 1628 1581; baseline 0.003 -19"><span class='ocrx_word' id='word_1_115' title='bbox 221 1515 450 1563; x_wconf 89' lang='lat' dir='ltr'><strong>niendum</strong></span> <span class='ocrx_word' id='word_1_116' title='bbox 474 1532 625 1581; x_wconf 91' lang='lat' dir='ltr'><strong>usque</strong></span> <span class='ocrx_word' id='word_1_117' title='bbox 649 1515 710 1563; x_wconf 90' lang='lat' dir='ltr'><strong>ad</strong></span> <span class='ocrx_word' id='word_1_118' title='bbox 732 1517 875 1564; x_wconf 90' lang='lat' dir='ltr'><strong>totale</strong></span> <span class='ocrx_word' id='word_1_119' title='bbox 902 1516 1312 1581; x_wconf 87' lang='lat' dir='ltr'><strong>complementum</strong></span> <span class='ocrx_word' id='word_1_120' title='bbox 1340 1517 1478 1565; x_wconf 85' lang='lat' dir='ltr'><strong>dictae</strong></span> <span class='ocrx_word' id='word_1_121' title='bbox 1506 1535 1628 1566; x_wconf 84' lang='lat' dir='ltr'><strong>con-</strong></span> 
     </span>
     <span class='ocr_line' id='line_1_17' title="bbox 220 1603 420 1657; baseline 0.005 -18"><span class='ocrx_word' id='word_1_122' title='bbox 220 1603 420 1657; x_wconf 87' lang='lat' dir='ltr'><strong>quaestae.</strong></span> 
     </span>
    </p>

    <p class='ocr_par' dir='ltr' id='par_1_4' title="bbox 217 1670 1630 2198">
     <span class='ocr_line' id='line_1_18' title="bbox 285 1670 1629 1736; baseline 0.004 -20"><span class='ocrx_word' id='word_1_123' title='bbox 285 1670 383 1717; x_wconf 91' lang='lat' dir='ltr'><strong>Sub</strong></span> <span class='ocrx_word' id='word_1_124' title='bbox 419 1670 597 1718; x_wconf 86' lang='lat' dir='ltr'><strong>eisdem</strong></span> <span class='ocrx_word' id='word_1_125' title='bbox 636 1672 777 1718; x_wconf 88' lang='lat' dir='ltr'><strong>etiam</strong></span> <span class='ocrx_word' id='word_1_126' title='bbox 812 1671 1118 1719; x_wconf 88' lang='lat' dir='ltr'><strong>sacramentis</strong></span> <span class='ocrx_word' id='word_1_127' title='bbox 1149 1672 1460 1736; x_wconf 88' lang='lat' dir='ltr'><strong>promittebat</strong></span> <span class='ocrx_word' id='word_1_128' title='bbox 1500 1673 1629 1722; x_wconf 90' lang='lat' dir='ltr'><strong>idem</strong></span> 
     </span>
     <span class='ocr_line' id='line_1_19' title="bbox 219 1746 1627 1814; baseline 0.002 -20"><span class='ocrx_word' id='word_1_129' title='bbox 219 1746 467 1794; x_wconf 84' lang='lat' dir='ltr'><strong>Edoardus</strong></span> <span class='ocrx_word' id='word_1_130' title='bbox 494 1747 645 1795; x_wconf 91' lang='lat' dir='ltr'><strong>facere</strong></span> <span class='ocrx_word' id='word_1_131' title='bbox 669 1765 862 1812; x_wconf 91' lang='lat' dir='ltr'><strong>prorsus</strong></span> <span class='ocrx_word' id='word_1_132' title='bbox 890 1765 1028 1814; x_wconf 85' lang='lat' dir='ltr'><strong>posse</strong></span> <span class='ocrx_word' id='word_1_133' title='bbox 1054 1765 1221 1809; x_wconf 91' lang='lat' dir='ltr'><strong>suum,</strong></span> <span class='ocrx_word' id='word_1_134' title='bbox 1247 1758 1294 1796; x_wconf 89' lang='lat' dir='ltr'><strong>et</strong></span> <span class='ocrx_word' id='word_1_135' title='bbox 1318 1749 1552 1814; x_wconf 90' lang='lat' dir='ltr'><strong>quidquid</strong></span> <span class='ocrx_word' id='word_1_136' title='bbox 1578 1752 1627 1798; x_wconf 89' lang='lat' dir='ltr'><strong>in</strong></span> 
     </span>
     <span class='ocr_line' id='line_1_20' title="bbox 217 1825 1630 1891; baseline 0.003 -20"><span class='ocrx_word' id='word_1_137' title='bbox 217 1841 268 1872; x_wconf 88' lang='lat' dir='ltr'><strong>se</strong></span> <span class='ocrx_word' id='word_1_138' title='bbox 280 1834 423 1885; x_wconf 85' lang='lat' dir='ltr'><strong>esset,</strong></span> <span class='ocrx_word' id='word_1_139' title='bbox 446 1825 574 1890; x_wconf 87' lang='lat' dir='ltr'><strong>apud</strong></span> <span class='ocrx_word' id='word_1_140' title='bbox 595 1826 851 1873; x_wconf 89' lang='lat' dir='ltr'><strong>Henricum</strong></span> <span class='ocrx_word' id='word_1_141' title='bbox 873 1842 1049 1888; x_wconf 87' lang='lat' dir='ltr'><strong>regem,</strong></span> <span class='ocrx_word' id='word_1_142' title='bbox 1076 1835 1261 1890; x_wconf 88' lang='lat' dir='ltr'><strong>patrem</strong></span> <span class='ocrx_word' id='word_1_143' title='bbox 1284 1843 1442 1887; x_wconf 90' lang='lat' dir='ltr'><strong>suum,</strong></span> <span class='ocrx_word' id='word_1_144' title='bbox 1470 1837 1630 1891; x_wconf 83' lang='lat' dir='ltr'><strong>quate-</strong></span> 
     </span>
     <span class='ocr_line' id='line_1_21' title="bbox 218 1901 1623 1966; baseline 0.003 -18"><span class='ocrx_word' id='word_1_145' title='bbox 218 1917 307 1948; x_wconf 90' lang='lat' dir='ltr'><strong>nus</strong></span> <span class='ocrx_word' id='word_1_146' title='bbox 335 1901 464 1949; x_wconf 91' lang='lat' dir='ltr'><strong>idem</strong></span> <span class='ocrx_word' id='word_1_147' title='bbox 494 1919 597 1963; x_wconf 85' lang='lat' dir='ltr'><strong>rex,</strong></span> <span class='ocrx_word' id='word_1_148' title='bbox 628 1903 814 1966; x_wconf 89' lang='lat' dir='ltr'><strong>genitor</strong></span> <span class='ocrx_word' id='word_1_149' title='bbox 843 1919 978 1961; x_wconf 85' lang='lat' dir='ltr'><strong>suus,</strong></span> <span class='ocrx_word' id='word_1_150' title='bbox 1014 1902 1226 1950; x_wconf 87' lang='lat' dir='ltr'><strong>similiter</strong></span> <span class='ocrx_word' id='word_1_151' title='bbox 1256 1903 1515 1952; x_wconf 86' lang='lat' dir='ltr'><strong>declararet</strong></span> <span class='ocrx_word' id='word_1_152' title='bbox 1548 1922 1623 1962; x_wconf 90' lang='lat' dir='ltr'><strong>se,</strong></span> 
     </span>
     <span class='ocr_line' id='line_1_22' title="bbox 217 1979 1622 2048; baseline 0.003 -22"><span class='ocrx_word' id='word_1_153' title='bbox 217 1979 624 2042; x_wconf 87' lang='lat' dir='ltr'><strong>quemadmodum</strong></span> <span class='ocrx_word' id='word_1_154' title='bbox 650 1990 697 2027; x_wconf 86' lang='lat' dir='ltr'><strong>et</strong></span> <span class='ocrx_word' id='word_1_155' title='bbox 727 1981 850 2044; x_wconf 87' lang='lat' dir='ltr'><strong>ipse,</strong></span> <span class='ocrx_word' id='word_1_156' title='bbox 880 1980 1113 2027; x_wconf 84' lang='lat' dir='ltr'><strong>facturum</strong></span> <span class='ocrx_word' id='word_1_157' title='bbox 1142 1997 1362 2044; x_wconf 85' lang='lat' dir='ltr'><strong>guerram</strong></span> <span class='ocrx_word' id='word_1_158' title='bbox 1388 1992 1622 2048; x_wconf 87' lang='lat' dir='ltr'><strong>apertam,</strong></span> 
     </span>
     <span class='ocr_line' id='line_1_23' title="bbox 219 2057 1626 2122; baseline 0.003 -18"><span class='ocrx_word' id='word_1_159' title='bbox 219 2065 314 2103; x_wconf 87' lang='lat' dir='ltr'><strong>tam</strong></span> <span class='ocrx_word' id='word_1_160' title='bbox 343 2073 430 2122; x_wconf 92' lang='lat' dir='ltr'><strong>per</strong></span> <span class='ocrx_word' id='word_1_161' title='bbox 450 2074 499 2104; x_wconf 91' lang='lat' dir='ltr'><strong>se</strong></span> <span class='ocrx_word' id='word_1_162' title='bbox 523 2074 668 2122; x_wconf 89' lang='lat' dir='ltr'><strong>quam</strong></span> <span class='ocrx_word' id='word_1_163' title='bbox 691 2074 776 2122; x_wconf 91' lang='lat' dir='ltr'><strong>per</strong></span> <span class='ocrx_word' id='word_1_164' title='bbox 799 2057 1050 2105; x_wconf 90' lang='lat' dir='ltr'><strong>foederatos</strong></span> <span class='ocrx_word' id='word_1_165' title='bbox 1075 2067 1122 2105; x_wconf 92' lang='lat' dir='ltr'><strong>et</strong></span> <span class='ocrx_word' id='word_1_166' title='bbox 1142 2058 1360 2106; x_wconf 89' lang='lat' dir='ltr'><strong>subditos</strong></span> <span class='ocrx_word' id='word_1_167' title='bbox 1384 2077 1514 2121; x_wconf 90' lang='lat' dir='ltr'><strong>suos,</strong></span> <span class='ocrx_word' id='word_1_168' title='bbox 1540 2061 1626 2109; x_wconf 91' lang='lat' dir='ltr'><strong>ad-</strong></span> 
     </span>
     <span class='ocr_line' id='line_1_24' title="bbox 219 2134 1139 2198; baseline 0.004 -20"><span class='ocrx_word' id='word_1_169' title='bbox 219 2148 380 2180; x_wconf 82' lang='lat' dir='ltr'><strong>versus</strong></span> <span class='ocrx_word' id='word_1_170' title='bbox 400 2134 624 2181; x_wconf 87' lang='lat' dir='ltr'><strong>eumdem</strong></span> <span class='ocrx_word' id='word_1_171' title='bbox 647 2134 927 2198; x_wconf 87' lang='lat' dir='ltr'><strong>Burgundiae</strong></span> <span class='ocrx_word' id='word_1_172' title='bbox 950 2134 1139 2182; x_wconf 89' lang='lat' dir='ltr'><strong>ducem.</strong></span> 
     </span>
    </p>

    <p class='ocr_par' dir='ltr' id='par_1_5' title="bbox 218 2211 1628 2662">
     <span class='ocr_line' id='line_1_25' title="bbox 283 2211 1626 2279; baseline 0.003 -21"><span class='ocrx_word' id='word_1_173' title='bbox 283 2211 634 2259; x_wconf 85' lang='lat' dir='ltr'><strong>Subnectebant</strong></span> <span class='ocrx_word' id='word_1_174' title='bbox 652 2221 810 2259; x_wconf 88' lang='lat' dir='ltr'><strong>autem</strong></span> <span class='ocrx_word' id='word_1_175' title='bbox 831 2212 996 2260; x_wconf 87' lang='lat' dir='ltr'><strong>litterae</strong></span> <span class='ocrx_word' id='word_1_176' title='bbox 1011 2214 1134 2276; x_wconf 84' lang='lat' dir='ltr'><strong>regis</strong></span> <span class='ocrx_word' id='word_1_177' title='bbox 1149 2216 1442 2261; x_wconf 90' lang='lat' dir='ltr'><strong>Francorum</strong></span> <span class='ocrx_word' id='word_1_178' title='bbox 1461 2214 1546 2279; x_wconf 91' lang='lat' dir='ltr'><strong>huj</strong></span> <span class='ocrx_word' id='word_1_179' title='bbox 1554 2233 1626 2262; x_wconf 86' lang='lat' dir='ltr'><strong>us-</strong></span> 
     </span>
     <span class='ocr_line' id='line_1_26' title="bbox 218 2288 1627 2356; baseline 0.004 -22"><span class='ocrx_word' id='word_1_180' title='bbox 218 2288 404 2335; x_wconf 88' lang='lat' dir='ltr'><strong>cemodi</strong></span> <span class='ocrx_word' id='word_1_181' title='bbox 436 2289 622 2336; x_wconf 87' lang='lat' dir='ltr'><strong>foederis</strong></span> <span class='ocrx_word' id='word_1_182' title='bbox 645 2289 903 2354; x_wconf 88' lang='lat' dir='ltr'><strong>copulandi</strong></span> <span class='ocrx_word' id='word_1_183' title='bbox 928 2306 1144 2350; x_wconf 86' lang='lat' dir='ltr'><strong>causam,</strong></span> <span class='ocrx_word' id='word_1_184' title='bbox 1167 2307 1271 2355; x_wconf 87' lang='lat' dir='ltr'><strong>quae</strong></span> <span class='ocrx_word' id='word_1_185' title='bbox 1302 2291 1459 2356; x_wconf 88' lang='lat' dir='ltr'><strong>ipsum</strong></span> <span class='ocrx_word' id='word_1_186' title='bbox 1486 2291 1547 2338; x_wconf 88' lang='lat' dir='ltr'><strong>ad</strong></span> <span class='ocrx_word' id='word_1_187' title='bbox 1579 2292 1627 2339; x_wconf 89' lang='lat' dir='ltr'><strong>id</strong></span> 
     </span>
     <span class='ocr_line' id='line_1_27' title="bbox 220 2362 1628 2433; baseline 0.004 -23"><span class='ocrx_word' id='word_1_188' title='bbox 220 2362 485 2413; x_wconf 85' lang='lat' dir='ltr'><strong>faciendum</strong></span> <span class='ocrx_word' id='word_1_189' title='bbox 513 2366 769 2413; x_wconf 85' lang='lat' dir='ltr'><strong>induxisset</strong></span> <span class='ocrx_word' id='word_1_190' title='bbox 805 2385 815 2413; x_wconf 94' lang='lat'>:</span> <span class='ocrx_word' id='word_1_191' title='bbox 853 2366 1073 2414; x_wconf 84' lang='lat' dir='ltr'><strong>videlicet</strong></span> <span class='ocrx_word' id='word_1_192' title='bbox 1108 2367 1242 2431; x_wconf 90' lang='lat' dir='ltr'><strong>quod</strong></span> <span class='ocrx_word' id='word_1_193' title='bbox 1273 2367 1369 2415; x_wconf 89' lang='lat' dir='ltr'><strong>dux</strong></span> <span class='ocrx_word' id='word_1_194' title='bbox 1403 2372 1628 2433; x_wconf 89' lang='lat' dir='ltr'><strong>Burgun-</strong></span> 
     </span>
     <span class='ocr_line' id='line_1_28' title="bbox 220 2438 1627 2504; baseline 0.006 -19"><span class='ocrx_word' id='word_1_195' title='bbox 220 2438 323 2498; x_wconf 85' lang='lat' dir='ltr'><strong>diae,</strong></span> <span class='ocrx_word' id='word_1_196' title='bbox 345 2442 442 2504; x_wconf 83' lang='lat' dir='ltr'><strong>jam</strong></span> <span class='ocrx_word' id='word_1_197' title='bbox 466 2441 547 2488; x_wconf 93' lang='lat' dir='ltr'><strong>diu</strong></span> <span class='ocrx_word' id='word_1_198' title='bbox 570 2452 696 2501; x_wconf 87' lang='lat' dir='ltr'><strong>erat,</strong></span> <span class='ocrx_word' id='word_1_199' title='bbox 721 2459 820 2489; x_wconf 89' lang='lat' dir='ltr'><strong>sese</strong></span> <span class='ocrx_word' id='word_1_200' title='bbox 842 2443 1211 2491; x_wconf 80' lang='lat' dir='ltr'><strong>confoederasset</strong></span> <span class='ocrx_word' id='word_1_201' title='bbox 1226 2447 1237 2468; x_wconf 93' lang='lat'>¹</span> <span class='ocrx_word' id='word_1_202' title='bbox 1262 2461 1373 2491; x_wconf 90' lang='lat' dir='ltr'><strong>cum</strong></span> <span class='ocrx_word' id='word_1_203' title='bbox 1398 2445 1627 2493; x_wconf 88' lang='lat' dir='ltr'><strong>Edoardo</strong></span> 
     </span>
     <span class='ocr_line' id='line_1_29' title="bbox 220 2514 1628 2584; baseline 0.006 -23"><span class='ocrx_word' id='word_1_204' title='bbox 220 2514 277 2561; x_wconf 81' lang='lat' dir='ltr'><strong>de</strong></span> <span class='ocrx_word' id='word_1_205' title='bbox 308 2516 356 2562; x_wconf 88' lang='lat' dir='ltr'><strong>la</strong></span> <span class='ocrx_word' id='word_1_206' title='bbox 381 2518 612 2579; x_wconf 79' lang='lat' dir='ltr'><strong>Marche’,</strong></span> <span class='ocrx_word' id='word_1_207' title='bbox 640 2520 723 2583; x_wconf 90' lang='lat' dir='ltr'><strong>qui</strong></span> <span class='ocrx_word' id='word_1_208' title='bbox 754 2529 922 2567; x_wconf 88' lang='lat' dir='ltr'><strong>contra</strong></span> <span class='ocrx_word' id='word_1_209' title='bbox 961 2522 1115 2567; x_wconf 89' lang='lat' dir='ltr'><strong>Deum</strong></span> <span class='ocrx_word' id='word_1_210' title='bbox 1151 2531 1199 2568; x_wconf 90' lang='lat' dir='ltr'><strong>et</strong></span> <span class='ocrx_word' id='word_1_211' title='bbox 1231 2521 1462 2584; x_wconf 89' lang='lat' dir='ltr'><strong>justitiam</strong></span> <span class='ocrx_word' id='word_1_212' title='bbox 1497 2523 1628 2569; x_wconf 80' lang='lat' dir='ltr'><strong>nisus</strong></span> 
     </span>
     <span class='ocr_line' id='line_1_30' title="bbox 222 2594 1627 2662; baseline 0.006 -23"><span class='ocrx_word' id='word_1_213' title='bbox 222 2594 371 2640; x_wconf 88' lang='lat' dir='ltr'><strong>fuerat</strong></span> <span class='ocrx_word' id='word_1_214' title='bbox 398 2611 623 2660; x_wconf 89' lang='lat' dir='ltr'><strong>usurpare</strong></span> <span class='ocrx_word' id='word_1_215' title='bbox 645 2614 846 2660; x_wconf 90' lang='lat' dir='ltr'><strong>regnum</strong></span> <span class='ocrx_word' id='word_1_216' title='bbox 868 2597 1058 2661; x_wconf 84' lang='lat' dir='ltr'><strong>Angliae‚</strong></span> <span class='ocrx_word' id='word_1_217' title='bbox 1084 2607 1132 2645; x_wconf 89' lang='lat' dir='ltr'><strong>et</strong></span> <span class='ocrx_word' id='word_1_218' title='bbox 1153 2600 1413 2646; x_wconf 88' lang='lat' dir='ltr'><strong>Henricum</strong></span> <span class='ocrx_word' id='word_1_219' title='bbox 1428 2637 1439 2658; x_wconf 91' lang='lat'>‚</span> <span class='ocrx_word' id='word_1_220' title='bbox 1467 2616 1627 2662; x_wconf 89' lang='lat' dir='ltr'><strong>regem</strong></span> 
     </span>
    </p>
   </div>
   <div class='ocr_carea' id='block_1_3' title="bbox 274 2719 862 2766">
    <p class='ocr_par' dir='ltr' id='par_1_6' title="bbox 274 2719 862 2766">
     <span class='ocr_line' id='line_1_31' title="bbox 274 2719 862 2766; baseline 0.009 -12"><span class='ocrx_word' id='word_1_221' title='bbox 274 2719 312 2758; x_wconf 87' lang='lat'><strong>1.</strong></span> <span class='ocrx_word' id='word_1_222' title='bbox 346 2719 609 2766; x_wconf 75' lang='lat' dir='ltr'><strong>Consederasse</strong></span> <span class='ocrx_word' id='word_1_223' title='bbox 625 2721 719 2760; x_wconf 87' lang='lat' dir='ltr'><strong>dans</strong></span> <span class='ocrx_word' id='word_1_224' title='bbox 736 2723 772 2760; x_wconf 89' lang='lat' dir='ltr'><strong>le</strong></span> <span class='ocrx_word' id='word_1_225' title='bbox 791 2735 862 2761; x_wconf 86' lang='lat' dir='ltr'><strong>ms.</strong></span> 
     </span>
    </p>
   </div>
   <div class='ocr_carea' id='block_1_4' title="bbox 220 2763 1628 2876">
    <p class='ocr_par' dir='ltr' id='par_1_7' title="bbox 220 2763 1628 2876">
     <span class='ocr_line' id='line_1_32' title="bbox 272 2763 1628 2834; baseline 0.005 -21"><span class='ocrx_word' id='word_1_226' title='bbox 272 2778 310 2814; x_wconf 75' lang='lat'><strong>2.</strong></span> <span class='ocrx_word' id='word_1_227' title='bbox 340 2779 509 2814; x_wconf 78' lang='lat' dir='ltr'><strong>Edward</strong></span> <span class='ocrx_word' id='word_1_228' title='bbox 524 2780 570 2827; x_wconf 82' lang='lat' dir='ltr'><strong>of</strong></span> <span class='ocrx_word' id='word_1_229' title='bbox 584 2783 738 2818; x_wconf 70' lang='lat' dir='ltr'><strong>March-</strong></span> <span class='ocrx_word' id='word_1_230' title='bbox 762 2783 862 2820; x_wconf 86' lang='lat' dir='ltr'><strong>C&#39;est</strong></span> <span class='ocrx_word' id='word_1_231' title='bbox 881 2782 917 2820; x_wconf 91' lang='lat' dir='ltr'><strong>le</strong></span> <span class='ocrx_word' id='word_1_232' title='bbox 939 2795 1032 2820; x_wconf 92' lang='lat' dir='ltr'><strong>nom</strong></span> <span class='ocrx_word' id='word_1_233' title='bbox 1053 2782 1223 2833; x_wconf 88' lang='lat' dir='ltr'><strong>qu&#39;avait</strong></span> <span class='ocrx_word' id='word_1_234' title='bbox 1246 2783 1356 2834; x_wconf 78' lang='lat' dir='ltr'><strong>porte</strong></span> <span class='ocrx_word' id='word_1_235' title='bbox 1375 2774 1557 2820; x_wconf 73' lang='lat' dir='ltr'><strong>Edouard</strong></span> <span class='ocrx_word' id='word_1_236' title='bbox 1578 2763 1628 2820; x_wconf 58' lang='lat' dir='ltr'><strong>IV</strong></span> 
     </span>
     <span class='ocr_line' id='line_1_33' title="bbox 220 2835 562 2876; baseline 0.006 -3"><span class='ocrx_word' id='word_1_237' title='bbox 220 2844 333 2873; x_wconf 88' lang='lat' dir='ltr'><strong>avant</strong></span> <span class='ocrx_word' id='word_1_238' title='bbox 352 2835 471 2874; x_wconf 73' lang='lat' dir='ltr'><strong>d&#39;etre</strong></span> <span class='ocrx_word' id='word_1_239' title='bbox 490 2837 562 2876; x_wconf 87' lang='lat' dir='ltr'><strong>roi.</strong></span> 
     </span>
    </p>
   </div>
  </div>
 </body>
</html>
