2054 3470
387 360 465 398 408
749 362 1093 400 HISTORIARUM
1118 361 1355 400 LUDOVICI
1381 363 1439 400 XI

387 468 433 505 et
456 459 506 506 in
531 470 602 507 tot
624 460 831 508 adversis
853 477 908 508 ac
930 478 1063 526 paene
1083 461 1341 526 desPeratis
1364 461 1529 521 rebus,
1554 472 1650 511 tam
1671 466 1799 528 geni-

384 539 474 585 tori
508 555 595 585 suo
631 555 776 602 quam
805 539 920 601 sibi,
955 540 1054 587 visa
1087 540 1234 588 suerat
1258 550 1303 587 et
1332 541 1590 588 manifestis
1610 542 1798 591 indiciis

381 614 694 680 comprobata
727 615 952 675 adfuisse,
994 627 1072 675 ut,
1112 633 1211 662 non
1249 616 1471 664 humanis
1505 618 1685 666 viribus
1714 630 1796 668 aut

381 692 612 740 industria
628 730 639 751 ,
665 693 749 740 sed
768 693 913 740 solius
938 694 1022 741 Dei
1046 694 1349 740 miseratione
1371 704 1416 741 et
1444 694 1694 743 clementia
1722 714 1797 744 res

380 769 503 816 illius
527 769 700 816 domus
723 786 750 816 a
768 770 906 817 variis
925 770 1331 835 periculosissimis
1354 781 1495 834 atque
1516 772 1797 821 formidolo-

378 846 439 893 sis
461 846 822 911 tempestatibus
835 884 846 904 ,
866 863 968 893 non
991 846 1141 893 modo
1161 857 1383 911 protectae
1402 858 1449 895 et
1470 859 1663 896 servatae
1677 887 1689 907 ‚
1707 867 1795 898 ve-

375 940 483 969 rum
505 924 648 970 etiam
670 923 882 971 adauctae
906 934 953 970 et
975 923 1284 987 magnificatae
1303 935 1625 973 cernerentur.
1657 929 1795 991 Atqui

375 1015 531 1065 operae
568 1001 771 1065 pretium
806 999 1081 1060 videbatur,
1109 1007 1185 1061 ut,
1220 1019 1331 1048 cum
1361 1002 1583 1068 princeps
1609 1004 1711 1068 ipse
1745 1006 1793 1051 in

374 1077 556 1142 oppido
579 1076 866 1136 Mechliniae,
893 1095 982 1143 pro
1007 1077 1232 1125 omnibus
1255 1078 1351 1125 suis
1374 1079 1676 1127 inferioribus
1698 1090 1792 1128 ter·

370 1156 450 1215 ris,
472 1157 600 1220 regio
617 1174 770 1215 more,
791 1173 1027 1203 summam
1052 1157 1250 1215 curiam,
1270 1173 1416 1221 quam
1443 1157 1793 1206 Parlamentum

371 1233 697 1297 appellabant,
723 1234 912 1280 noviter
933 1234 1199 1292 erexisset¹,
1226 1234 1467 1281 commissi
1490 1234 1551 1281 ad
1573 1229 1794 1298 hujusce-

370 1310 504 1356 modi
525 1310 707 1357 curiam
726 1310 983 1357 tenendam
997 1348 1009 1371 ,
1032 1328 1092 1358 ne
1113 1312 1212 1358 otio
1232 1321 1314 1358 aut
1332 1321 1526 1376 torpore
1540 1311 1660 1359 nihil
1677 1313 1793 1360 novi

370 1388 418 1434 in
443 1388 644 1452 patriam
667 1387 898 1435 invexisse
921 1397 1221 1453 putarentur,
1254 1388 1377 1435 illius
1406 1389 1606 1435 novitati
1633 1389 1793 1437 Parla-

368 1465 516 1511 menti
545 1464 689 1511 etiam
716 1465 843 1512 hanc
876 1466 1216 1530 importarent,
1238 1475 1291 1512 ut
1322 1482 1348 1512 e
1378 1460 1527 1529 regno
1555 1467 1786 1526 Franciae,

367 1543 417 1589 in
453 1559 551 1607 quo
579 1544 691 1590 satis
725 1543 931 1590 infausto
963 1544 1153 1600 omine,
1175 1544 1273 1607 jam
1313 1559 1342 1590 a
1369 1543 1515 1607 longo
1546 1553 1787 1609 tempore,

368 1618 472 1666 talis
503 1620 702 1667 inolevit
730 1620 977 1684 iniquitas,
1008 1621 1057 1667 in
1094 1620 1424 1667 Brabantiam’
1448 1630 1494 1667 et
1516 1620 1629 1667 alias
1652 1621 1792 1684 adja-

367 1706 527 1744 centes
569 1698 839 1762 provincias
873 1698 1196 1745 advectarent.
1235 1701 1386 1744 Porro
1419 1698 1457 1744 si
1495 1707 1542 1744 et
1570 1698 1792 1764 princeps

368 1784 415 1821 et
448 1775 562 1839 ipsi,
591 1775 673 1839 qui
701 1776 801 1838 ejus
837 1775 1019 1822 dictum
1044 1775 1281 1823 faciebant
1305 1774 1677 1832 Parlamentum,
1703 1775 1790 1822 ad-

367 1852 617 1899 vertissent
650 1852 931 1916 prudenter,
959 1853 1115 1917 quod,
1144 1853 1538 1917 quotiescumque
1564 1852 1644 1915 illa
1669 1852 1790 1915 inju-

367 1929 439 1976 ria
482 1929 736 1977 adversum
771 1931 859 1977 Dei
894 1931 1114 1978 ecclesias
1154 1932 1202 1977 in
1241 1946 1389 1993 regno
1427 1929 1633 1976 Franciae
1673 1945 1788 1992 prae-

367 2016 559 2071 sumpta
593 2017 639 2054 et
675 2008 968 2054 exsecutioni
1003 2007 1175 2054 tradita
1207 2006 1321 2066 fuit,
1356 2021 1604 2068 nunquam
1641 2006 1787 2053 ferme

367 2082 496 2130 illam
541 2084 737 2131 inultam
777 2101 975 2132 censura
1014 2084 1177 2130 divina
1214 2082 1346 2129 abire
1386 2083 1623 2147 permisit,
1667 2084 1783 2147 quin

368 2159 526 2207 clades
560 2161 631 2207 vel
664 2162 905 2208 calamitas
937 2161 1093 2225 aliqua
1126 2160 1322 2222 insignis
1347 2161 1441 2222 regi
1474 2171 1556 2207 aut
1587 2178 1736 2225 regno
1758 2177 1786 2208 e

367 2238 564 2301 vestigio
605 2239 904 2303 provenerit,
949 2238 1265 2285 verisimiliter
1299 2239 1492 2286 consilia
1534 2240 1581 2286 in
1617 2239 1785 2286 melius

367 2325 764 2375 commutassent,
791 2326 934 2380 atque
958 2315 1018 2362 ab
1053 2315 1386 2379 hujuscemodi
1421 2315 1600 2363 nefaria
1633 2316 1784 2363 indic·

367 2392 499 2440 tione
523 2393 883 2440 abstentassent.
1595 2390 1598 2392 ’

430 2469 524 2517 Sed
542 2480 590 2517 et
604 2487 702 2517 non
722 2472 880 2518 minus
894 2470 1063 2534 vulgus
1078 2469 1202 2517 tertii
1218 2479 1359 2533 atque
1377 2469 1611 2516 inferioris
1627 2471 1783 2517 Status

364 2611 490 2649 statim
509 2611 761 2663 obligationes
782 2622 820 2651 et
837 2613 1095 2665 chirographa
1113 2612 1268 2651 rescidit
1281 2642 1292 2660 ,
1313 2611 1455 2651 tributa
1473 2605 1587 2651 etiam
1605 2610 1781 2652 nondum

363 2669 489 2709 levata
516 2672 731 2720 remittens,
753 2686 831 2723 quo
852 2673 945 2710 cleri
975 2681 1012 2711 et
1040 2672 1173 2724 populi
1193 2672 1364 2710 favorem
1392 2670 1464 2710 sibi
1493 2672 1729 2725 conciliaret.
1755 2689 1776 2708 ι

365 2732 533 2769 Historia
548 2734 814 2783 Episcopomm
837 2736 1178 2781 Ultrajectensium‚
1203 2746 1241 2783 p.
1265 2733 1357 2770 295.

419 2793 457 2830 1.
490 2794 548 2828 Au
569 2791 666 2830 mois
685 2791 733 2830 de
747 2791 901 2840 janvier
923 2794 1040 2833 1474.

416 2851 454 2888 2.
486 2851 715 2889 meantias
732 2851 828 2890 dans
842 2851 879 2890 le
898 2864 970 2890 ms.
