2054 3470
748 330 895 369 LIBER
919 329 1141 366 TERTIUS.
1578 327 1650 363 271

308 423 538 471 Henricus
561 429 721 469 autem
737 456 750 479 ,
777 433 887 466 cum
912 426 1067 465 tantas
1090 416 1180 464 sibi
1212 418 1490 482 provenisse
1520 417 1655 464 cala-

241 505 428 549 mitates
445 498 719 564 inspiceret,
743 511 889 560 seque
909 494 972 542 de
988 510 1098 558 rege
1113 494 1285 542 iterum
1297 532 1309 556 ‚
1335 504 1446 559 post
1468 494 1655 541 dierum

241 592 505 643 paucorum
530 572 768 622 curricula
783 609 795 632 ,
821 572 871 619 in
894 588 1134 620 carcerem
1155 580 1203 619 et
1228 571 1551 636 captivitatem
1575 587 1654 618 re—

242 654 464 712 ductum3
488 669 538 699 se
561 651 758 698 unicum
781 649 933 697 filium
947 686 960 710 ‚
985 649 1035 695 in
1058 665 1156 713 quo
1180 658 1281 696 tota
1302 665 1410 713 spes
1427 648 1560 712 regni
1582 664 1654 702 re-

239 731 394 796 posita
429 729 696 789 videbatur,
731 743 844 775 cum
876 735 948 773 tot
974 725 1271 792 principibus
1303 735 1349 773 et
1384 724 1652 786 nobilibus,

239 823 434 855 suarum
454 807 663 872 partium
686 804 909 852 studiosis
935 813 982 851 et
1002 803 1356 863 defensoribus,
1388 801 1514 850 bello
1537 802 1658 849 ami-

237 884 374 944 sisse3
414 883 668 947 conjugem
703 883 846 930 etiam
885 882 934 929 in
977 882 1170 929 victoris
1211 897 1381 928 manus
1421 881 1656 946 captivam

239 961 510 1027 pervenisse
545 977 556 1008 ε
590 977 702 1008 cum
732 969 973 1007 tantarum
1006 958 1199 1024 pondus
1226 968 1272 1007 et
1297 958 1545 1006 cumulum
1571 958 1657 1006 ad·

238 1039 515 1087 versitatum
540 1047 587 1086 et
615 1037 915 1086 miseriarum
944 1036 1067 1085 ferre
1096 1053 1196 1083 non
1231 1046 1420 1102 posset,
1452 1037 1500 1083 in
1533 1035 1653 1096 sata,

240 1115 374 1171 luctu
402 1124 450 1164 et
483 1132 688 1163 moerore
722 1115 996 1176 confectus,
1033 1114 1309 1162 concessit¹.
1349 1116 1455 1161 Non
1494 1123 1655 1161 tamen

239 1190 524 1255 defuerunt,
566 1194 649 1258 qui
690 1190 896 1240 dixerint
940 1192 1074 1256 jussu
1114 1191 1323 1239 Edoardi
1345 1228 1357 1252 ‚
1400 1200 1658 1256 postquam

240 1271 686 1333 victor,Londonias
704 1287 762 1318 ex
784 1267 1168 1336 septentrionali,
1202 1279 1256 1316 ut
1286 1269 1506 1334 proximo
1541 1268 1658 1315 dixi-

241 1364 375 1411 mus,
400 1349 538 1414 plaga
562 1348 843 1409 introiisset,
870 1348 1153 1395 suffocatum
1178 1364 1288 1395 eum
1311 1348 1360 1394 in
1389 1362 1579 1394 carcere
1612 1357 1659 1394 et

243 1435 492 1474 enecatum
513 1425 704 1485 fuisse'3
725 1425 788 1472 de
810 1442 910 1489 quo
931 1442 1043 1472 cum
1065 1425 1229 1490 aliquo
1251 1424 1537 1472 contentiosi
1558 1441 1659 1472 esse

242 1520 343 1551 non
366 1504 605 1552 volumus.
632 1503 875 1567 Exsequiae
898 1512 1054 1550 tamen
1081 1502 1171 1550 sibi
1192 1504 1241 1549 in
1266 1502 1433 1550 eadem
1451 1501 1570 1549 urbe
1585 1519 1660 1550 ce-

243 1581 452 1643 lebriter,
488 1598 623 1629 more
656 1597 846 1644 regum,
888 1581 1019 1629 factae
1056 1591 1188 1642 sunt,
1227 1590 1274 1628 et
1316 1597 1448 1628 sacra
1484 1579 1660 1629 funeris

243 1659 500 1724 persoluta.

310 1725 398 1783 Die
419 1746 579 1783 autem
597 1753 732 1783 xx1v.
761 1735 975 1799 ejusdem
994 1735 1170 1782 mensis
1189 1735 1323 1796 maii,
1350 1751 1562 1799 egressus
1590 1744 1661 1782 est

245 1813 407 1862 denuo
430 1814 682 1862 Edoardus
709 1831 815 1875 rex,
844 1814 906 1862 ad
936 1815 1159 1879 reliquias
1189 1831 1387 1862 suorum
1410 1813 1661 1862 rebellium

245 1932 300 1972 du
322 1933 397 1979 duc
419 1933 468 1973 de
491 1936 736 1986 Bourgogne.
763 1932 1019 1985 Marguerste,
1045 1933 1260 1986 largement
1282 1942 1527 1983 entretenue‚
1553 1934 1581 1973 il
1605 1942 1663 1973 est

242 1990 344 2044 παὶ,
364 1993 423 2032 fut
443 1993 584 2046 gardee
606 2005 756 2031 comme
774 1991 1031 2043 prisonniere,
1052 1991 1214 2031 d’abord
1232 1995 1255 2031 ὲ
1275 1993 1310 2032 la
1327 1996 1446 2042 Tour,
1470 1994 1618 2033 ensuite
1639 1995 1661 2032 ὲ

243 2051 502 2106 willingford.
522 2053 606 2092 Elle
625 2057 734 2092 n’eut
752 2065 794 2090 sa
815 2051 952 2090 liberte
969 2055 1088 2103 qu’au
1106 2051 1201 2092 bout
1220 2053 1269 2091 de
1286 2053 1375 2104 cinq
1392 2067 1476 2103 ans,
1497 2067 1661 2106 moyen-

245 2120 339 2151 nant
355 2125 432 2152 une
453 2113 551 2151 forte
575 2125 720 2162 rancon
740 2124 816 2163 que
838 2124 939 2163 paya
955 2111 1072 2150 Louis
1100 2115 1177 2160 XI;
1204 2120 1243 2151 et
1265 2112 1332 2151 des
1355 2125 1410 2165 qu
1411 2085 1498 2152 ’elle
1518 2114 1576 2152 fut
1594 2127 1661 2152 ra-

244 2169 392 2221 chetee,
413 2172 486 2211 elle
505 2185 546 2211 se
564 2172 654 2210 hata
672 2171 720 2210 de
738 2171 815 2210 fuir
833 2171 869 2209 d'
873 2184 1018 2223 aupres
1031 2171 1079 2210 de
1098 2172 1198 2211 celui
1212 2172 1280 2224 qui
1295 2172 1387 2245 etait
1403 2173 1440 2212 le
1459 2174 1663 2212 meurtrier

246 2229 296 2269 de
313 2243 383 2270 son
400 2231 459 2269 fils
482 2240 520 2270 et
540 2231 587 2269 de
605 2244 675 2268 son
696 2230 808 2270 mari.

298 2292 338 2329 1.
372 2307 392 2326 α
412 2291 521 2329 Print
534 2304 635 2342 pour
652 2303 697 2328 ce
711 2290 761 2328 tel
779 2302 991 2337 courroux‚
1006 2303 1083 2340 que
1098 2290 1146 2329 de
1161 2290 1362 2343 desplaisir
1376 2301 1414 2330 et
1432 2293 1663 2332 merancolie

246 2349 274 2388 il
292 2360 448 2390 mourut
467 2352 505 2390 le
522 2354 591 2390 242
604 2351 696 2400 jour
713 2350 845 2388 dudict
862 2363 986 2400 moys,
1008 2367 1027 2384 ιο
1048 2350 1225 2389 Relation
1245 2351 1445 2402 srancaise.

264 2405 269 2409 ς
299 2413 340 2450 2.
369 2414 423 2450 Le
440 2412 710 2451 continuateur
725 2410 773 2448 de
792 2410 987 2448 l'Histoire
1006 2410 1054 2448 de
1073 2411 1282 2462 Croyland,
1305 2413 1474 2464 quoique
1493 2412 1546 2452 du
1564 2414 1664 2465 parti

249 2469 406 2520 d'York,
425 2484 475 2510 ne
492 2472 603 2510 laisse
622 2483 749 2510 aucun
769 2469 884 2508 doute
903 2471 925 2506 ὲ
946 2477 1005 2507 cet
1022 2469 1139 2521 egard
1162 2484 1170 2507 :
1196 2486 1215 2504 ει
1236 2473 1370 2510 Pareat
1391 2476 1496 2511 Deus
1516 2482 1554 2511 et
1572 2486 1663 2525 spa-

250 2529 345 2567 tium
370 2531 600 2582 poenitentiae
630 2531 666 2569 ei
692 2530 827 2580 donet,
857 2529 1091 2580 quicumque
1121 2538 1198 2568 tam
1227 2531 1431 2584 sacrilegas
1459 2545 1594 2570 manus
1621 2532 1663 2569 in

251 2587 443 2627 Christum
463 2590 619 2628 Domini
645 2602 760 2628 ausus
784 2597 840 2627 est
869 2589 1075 2627 immittere
1105 2604 1114 2626 :
1147 2590 1252 2629 unde
1279 2599 1317 2629 et
1343 2605 1460 2644 agens
1488 2590 1661 2643 tyranni,

251 2649 473 2700 patiensque
505 2650 661 2702 gloriosi
682 2649 862 2700 martyris
889 2649 1042 2686 titulum
1070 2658 1279 2688 mereatur.
1301 2667 1320 2685 ι»
1340 2651 1433 2689 Voir
1463 2651 1501 2688 la
1530 2658 1662 2688 courte

252 2715 291 2746 et
330 2707 588 2748 substantielle
627 2709 869 2747 dissertation
901 2722 977 2759 que
1012 2710 1065 2748 M.
1100 2709 1271 2761 Lingard
1301 2723 1323 2748 a
1358 2710 1453 2748 mise
1490 2722 1539 2747 en
1572 2716 1664 2746 note

252 2780 342 2806 sous
360 2770 397 2806 le
414 2768 508 2806 recit
524 2768 573 2806 de
592 2768 631 2807 la
650 2776 752 2807 mort
775 2768 823 2806 de
842 2767 965 2806 Henri
983 2769 1044 2805 VI.
1067 2771 1234 2806 Histoire
1254 2771 1537 2819 d'AngIeterre,
1558 2777 1584 2806 t.
1607 2771 1660 2816 ΙΙ,

255 2840 289 2864 c.
312 2840 366 2865 xx.
