2054 3470
754 342 900 378 unm
926 340 1169 389 QUARTUS.
1594 342 1671 380 305

261 449 372 480 cum
394 442 502 497 post
525 430 714 478 obitum
733 430 989 492 Johannis‚
1015 429 1152 477 ducis
1173 428 1399 477 Calabriae
1420 439 1468 477 et
1500 431 1671 478 Lotha-

261 511 453 574 ringiae,
490 507 704 572 ejusdem
740 508 904 554 Renati
934 507 1057 571 regis
1085 506 1195 553 filii¹
1212 542 1225 566 ,
1250 506 1430 554 videret
1467 524 1517 554 se
1548 525 1670 571 quo-

262 582 523 631 dammodo
545 581 841 630 indefensam
874 590 1016 645 atque
1047 580 1223 628 auxilio
1248 579 1544 639 destitutam,
1582 599 1672 630 nec

261 659 324 707 de
365 659 467 724 ejus
496 659 773 707 defensione
807 674 972 706 curam
1005 657 1172 704 haberi
1207 657 1417 705 debitam
1461 675 1549 705 nec
1590 676 1676 724 per

262 738 540 804 praedictum
565 740 828 799 Renatum‚
860 754 949 785 nec
973 753 1059 802 per
1081 739 1372 783 Francorum
1402 753 1563 800 regem
1594 736 1676 801 (de

262 815 396 879 cujus
415 813 596 862 confisa
626 814 904 861 defensione
928 822 1071 877 atque
1098 813 1280 860 auxiliis
1299 850 1311 873 ‚
1338 813 1562 860 eumdem
1587 816 1676 861 Re-

265 901 430 940 natum
455 892 504 939 in
534 908 696 956 regem
730 890 821 938 sibi
852 891 1084 939 acciverat
1117 899 1259 955 atque
1284 892 1674 956 assumpserat²),

262 968 436 1035 opibus
459 969 602 1017 etiam
639 979 686 1016 et
717 969 902 1035 populo
925 968 1228 1026 exhaustam,
1267 977 1314 1015 et
1342 968 1490 1015 solitis
1516 985 1677 1017 carere

265 1046 593 1110 vectigalibuS‚
619 1046 843 1094 censibus
866 1056 912 1094 et
943 1046 1267 1106 commerciis,
1294 1062 1350 1092 ex
1385 1045 1559 1108 quibus
1590 1063 1675 1093 an-

262 1125 435 1172 teriore
459 1134 678 1190 tempore
718 1125 765 1171 in
790 1125 1020 1171 maximas
1056 1123 1242 1170 divitias
1273 1133 1318 1169 et
1350 1123 1562 1171 honores
1595 1141 1674 1171 ex-

263 1213 492 1261 creverat,
538 1212 793 1267 postquam
827 1219 1073 1249 armorum
1106 1201 1328 1249 exercitio
1371 1212 1418 1249 et
1455 1202 1676 1266 adjacen-

264 1280 382 1327 tium
409 1289 641 1327 terrarum
673 1280 932 1328 vastatione
968 1279 1051 1327 diu
1083 1289 1255 1327 venata
1291 1289 1338 1328 et
1363 1281 1411 1327 in
1450 1282 1679 1329 maximas

264 1361 500 1424 angustias
521 1359 842 1408 calamitatum
864 1359 1096 1418 deducta,
1135 1359 1259 1406 ultra
1291 1359 1542 1407 subsistere
1581 1378 1679 1408 non

265 1447 479 1502 poterat,
505 1455 616 1485 cum
650 1436 823 1486 eodem
859 1454 946 1485 suo
978 1454 1090 1502 rege
1127 1437 1346 1484 Johanne
1380 1454 1429 1484 se
1458 1439 1680 1485 reconci-

265 1515 379 1563 liare
401 1515 612 1575 studuit,
648 1525 696 1562 et
714 1551 727 1574 ‚
754 1514 844 1562 sub
875 1524 1006 1561 certo
1035 1523 1290 1579 pactorum
1323 1513 1499 1562 foedere
1520 1552 1532 1576 ‚
1567 1532 1678 1562 cum

267 1593 367 1641 aliis
394 1593 537 1640 etiam
558 1592 693 1639 terris
712 1591 967 1639 Cataloniae
984 1629 996 1652 ‚
1019 1591 1109 1638 sibi
1134 1591 1482 1639 cohaerentibus
1517 1601 1563 1639 et
1597 1593 1679 1639 foe-

267 1670 463 1730 deratis,
489 1669 578 1717 sub
602 1669 815 1734 ejusdem
848 1668 1172 1717 obedientiam
1205 1678 1253 1716 et
1276 1668 1509 1716 ditionem
1532 1686 1581 1716 se
1607 1686 1680 1717 re-

267 1748 417 1795 duxit.

331 1824 475 1883 Quod
506 1825 742 1871 intuentes
776 1822 991 1888 plerique
1018 1821 1252 1869 nobilium
1283 1823 1536 1870 comitatus
1568 1826 1682 1872 Ros-

266 1901 446 1949 silionis
468 1911 515 1948 et·
542 1901 716 1948 civium
754 1899 921 1964 oppidi
951 1899 1223 1963 Perpiniani
1242 1935 1254 1958 ,
1294 1916 1502 1963 quorum
1531 1902 1680 1948 animi

267 1979 469 2026 naturali
490 1977 699 2043 quadam
720 1976 868 2023 veluti
892 1975 1198 2023 inclinatione
1215 1976 1276 2024 ad
1293 1976 1517 2024 eumdem
1540 1995 1680 2027 suum

268 2071 428 2118 regem
461 2054 750 2113 ferebantur,
790 2062 837 2099 et
878 2052 1052 2117 quibus
1082 2053 1296 2118 perutilis
1335 2063 1477 2118 atque
1513 2057 1679 2118 gratis-

269 2131 389 2179 sima
405 2141 450 2179 et
467 2130 679 2195 jocunda
700 2145 802 2176 esse
823 2138 1100 2176 consuesset
1121 2130 1419 2176 conversatio
1443 2130 1681 2180 familiaris

271 2217 373 2256 tum
409 2210 458 2256 in
494 2208 794 2266 mercantiis,
835 2216 935 2252 tum
972 2207 1021 2253 in
1053 2207 1172 2270 juris
1210 2206 1388 2272 publici
1431 2217 1478 2254 et
1512 2210 1682 2273 privati

270 2288 610 2335 communione
638 2302 750 2333 cum
777 2285 1037 2331 Barcinona
1064 2294 1112 2331 et
1135 2285 1243 2332 aliis
1274 2286 1409 2332 terris
1432 2287 1552 2350 regis
1578 2291 1683 2335 Ara-

272 2380 452 2426 gonum
497 2374 545 2412 et
588 2363 798 2421 Siciliae⁸,
838 2371 941 2408 toto
980 2362 1290 2426 invigilabant
1329 2363 1487 2410 studio
1508 2400 1520 2424 ,
1563 2383 1681 2429 quo-

324 2479 363 2517 1.
393 2480 495 2516 Mort
510 2467 532 2516 a
550 2477 760 2516 Barcelone
778 2475 924 2525 meme,
943 2475 979 2513 le
997 2477 1046 2514 16
1067 2474 1271 2514 decembre
1287 2478 1391 2515 1470
1409 2478 1516 2516 selon
1534 2477 1682 2531 Qurita,

271 2549 324 2574 ou
340 2535 377 2574 le
395 2538 444 2574 27
460 2536 586 2585 juillet
604 2539 703 2575 1471
726 2536 879 2587 d'apres
898 2548 952 2573 un
970 2534 1130 2586 registre
1156 2535 1209 2572 du
1226 2534 1443 2574 Parlement
1461 2537 1533 2575 cite
1552 2551 1623 2588 par
1646 2538 1682 2575 le

271 2597 316 2634 P.
343 2594 537 2633 Anselme.

325 2656 364 2693 2.
394 2657 448 2692 Le
466 2654 524 2692 roi
542 2654 644 2692 avait
662 2654 813 2705 envoye
827 2667 877 2693 au
892 2666 1047 2693 secours
1066 2653 1118 2691 du
1135 2652 1209 2691 duc
1224 2653 1274 2692 de
1286 2654 1446 2693 Calabre
1464 2668 1540 2693 une
1554 2656 1684 2694 armee

272 2715 339 2767 qui
357 2715 484 2753 revint
498 2727 565 2753 sur
583 2727 642 2752 ses
659 2727 747 2765 pas,
764 2715 876 2765 apres
895 2715 1007 2752 s'etre
1025 2713 1193 2751 avancee
1208 2712 1391 2763 jusqu’au
1408 2713 1570 2752 Pertuis.
1594 2715 1686 2752 Dia-

273 2776 387 2828 logue
407 2782 514 2812 entre
538 2775 726 2812 Iohannes
744 2782 782 2812 et
800 2775 1008 2812 Ludovicus
1030 2786 1097 2810 sur
1119 2773 1157 2811 la
1178 2785 1318 2825 guerre
1343 2772 1391 2811 de
1415 2773 1549 2813 Nanci.

328 2837 365 2872 3.
396 2837 449 2871 Le
468 2833 526 2871 roi
543 2836 643 2870 Juan
662 2845 711 2870 ne
728 2831 921 2883 possedait
938 2845 1008 2883 pas
1025 2832 1064 2869 la
1083 2832 1210 2871 sicile.

485 2912 522 2935 u
1423 2899 1472 2935 20
