2054 3470
449 336 526 374 21⁴
816 338 1156 376 HISTORIARUM
1180 341 1417 380 LUDOVICI
1443 344 1498 379 XI

887 536 1222 583 CAPITULUM
1255 540 1419 584 XXVI.

444 673 497 707 De
514 670 805 706 reconciliatione
821 670 940 705 Caroli
955 683 1037 706 cum
1056 671 1242 707 Ludovico
1255 686 1349 721 rege,
1368 687 1535 722 germano
1552 688 1631 721 suo,
1649 689 1691 712 ex
1702 689 1771 724 qna
1787 677 1860 713 du-

491 734 607 761 catum
635 725 831 770 Aquitaniae
842 751 852 768 ‚
871 725 1112 760 renuntiando
1129 725 1274 761 ducatui
1291 729 1534 776 Normanniae,
1555 742 1623 777 pro
1640 729 1860 768 haereditaria

491 779 657 826 portione
673 777 822 824 accepit.
890 810 894 813 ,

477 905 481 911 ’
508 903 687 947 Verum
717 899 852 963 quia,
883 915 979 964 prae
1003 900 1181 947 caeteris
1203 900 1448 963 omnibus,
1474 918 1555 950 rex
1578 919 1859 966 germanum

445 995 584 1026 suum
605 978 810 1025 maxime
827 977 1086 1039 metuebat,
1111 978 1263 1025 sciens
1283 995 1394 1026 eum
1412 991 1610 1045 propter
1623 981 1860 1046 egregiam

443 1055 657 1103 indolem
700 1073 837 1103 suam
882 1072 1137 1120 moresque
1177 1056 1411 1121 benignos
1455 1059 1585 1123 apud
1627 1059 1859 1124 plurimos

443 1151 530 1200 per
559 1144 714 1181 totum
743 1151 945 1197 regnum
973 1151 1171 1198 magnos
1193 1134 1372 1182 habere
1395 1135 1603 1195 favores,
1630 1154 1859 1202 magnum

442 1222 673 1260 conatum
705 1212 939 1276 impendit
959 1211 1021 1259 ad
1042 1211 1137 1258 hoc
1157 1222 1209 1259 ut
1230 1229 1339 1259 eum
1359 1213 1420 1260 ad
1441 1229 1507 1273 se,
1533 1215 1662 1278 pacis
1684 1215 1860 1264 foedere

442 1289 820 1348 reconciliatum,
847 1289 1107 1337 attraheret
1138 1299 1186 1337 et
1219 1290 1425 1337 auferret
1455 1291 1683 1350 inimicis3
1709 1293 1862 1340 existi-

443 1384 603 1428 mans,
635 1367 673 1413 si
703 1366 765 1413 ad
795 1367 842 1413 id
877 1367 1171 1432 perveniret,
1203 1376 1250 1414 et
1273 1367 1363 1414 sibi
1386 1368 1509 1415 vires
1531 1370 1785 1432 geminari,
1814 1380 1862 1418 et

440 1444 720 1492 adversariis
741 1444 921 1507 majore
944 1461 999 1491 ex
1025 1454 1159 1509 parte
1181 1444 1386 1491 diminui
1410 1455 1457 1492 et
1479 1445 1769 1494 decrescere.

509 1524 819 1571 Affectaverat
841 1532 1000 1571 autem
1023 1523 1152 1570 idem
1174 1524 1296 1587 regis
1319 1539 1591 1587 germanus,
1618 1525 1861 1590 etpariter

442 1600 726 1665 Burgundiae
748 1609 794 1648 et
817 1601 1068 1647 Britanniae
1091 1600 1260 1660 duces,
1287 1600 1377 1647 sibi
1402 1600 1638 1658 foederati,
1664 1612 1715 1650 ut
1740 1606 1861 1651 Nor·

440 1679 709 1736 manniam,
741 1694 836 1742 qua
864 1678 1040 1741 ejectus
1064 1678 1236 1735 fuerat,
1266 1678 1428 1725 denuo
1452 1695 1542 1743 pro
1566 1678 1861 1729 haereditaria

439 1756 662 1821 portione
686 1755 933 1819 reciperet,
962 1764 1043 1801 aut
1065 1754 1229 1801 saltem
1254 1755 1565 1819 Campaniam
1587 1772 1698 1802 cum
1721 1757 1861 1804 certis

440 1831 768 1895 adjacentibus
798 1831 956 1890 ter1·is;
993 1847 1082 1877 uec
1113 1830 1173 1876 ab
1207 1847 1262 1877 ea
1294 1831 1527 1878 sententia
1556 1841 1604 1878 et
1631 1832 1861 1895 opinione

441 1909 678 1957 dimoveri
715 1918 964 1973 potuerat,
1004 1907 1233 1972 quamdiu
1272 1908 1320 1953 in
1360 1907 1584 1954 humanis
1622 1920 1860 1973 superstes

440 1989 594 2035 fuerat
627 2004 741 2034 suus
776 1986 855 2033 ille
889 1985 1014 2033 fidus
1049 1986 1249 2032 servitor
1281 1985 1488 2032 Thomas
1527 1984 1589 2032 de
1624 1987 1854 2049 Loraille,

440 2081 586 2130 quem
618 2080 763 2128 supra
789 2079 977 2109 veneno
1005 2062 1288 2109 exstinctum
1320 2063 1462 2110 fuisse
1492 2062 1756 2110 retulimus.
1790 2067 1859 2111 Eo

440 2158 555 2189 vero
591 2140 652 2188 de
687 2140 848 2187 medio
884 2138 1098 2199 sublatO,
1137 2139 1283 2186 veluti
1320 2149 1509 2187 remoto
1544 2139 1855 2204 prohibente,

441 2218 622 2266 invenit
644 2233 728 2264 rex
751 2215 879 2282 apud
904 2215 1128 2263 eumdem
1156 2232 1437 2279 germanum
1462 2217 1638 2264 idonea
1668 2216 1759 2263 sibi
1790 2218 1860 2264 in-

440 2305 720 2355 strumenta,
753 2293 944 2360 quibuS‚
972 2294 1035 2341 ad
1059 2294 1413 2341 assentiendum
1437 2295 1533 2341 suis
1555 2294 1696 2352 votis,
1723 2294 1859 2342 facile

442 2373 677 2422 suaderet.
708 2375 770 2419 Ut
791 2388 904 2435 crgo
928 2387 1039 2418 eum
1063 2388 1092 2419 a
1114 2372 1418 2437 praefatorum
1445 2372 1624 2418 ducum
1651 2371 1785 2418 terris
1812 2381 1859 2418 et

443 2450 668 2498 dominiis
702 2449 845 2512 longe
880 2449 1170 2512 sejungeret,
1207 2466 1292 2514 per
1326 2448 1611 2510 nonnullos,
1650 2465 1771 2512 quos
1807 2449 1857 2495 in

441 2529 652 2595 ejusdem
675 2529 828 2575 fratris
851 2529 923 2575 sui
947 2528 1094 2575 domo
1117 2539 1255 2594 aptos
1276 2527 1617 2591 cognoscebat,
1646 2526 1859 2574 donariis

443 2625 469 2656 a
506 2625 555 2655 se
591 2616 733 2671 atque
771 2606 1050 2653 muneribus
1085 2616 1130 2653 et
1161 2605 1584 2671 pollicitationibus
1614 2605 1858 2652 variorum

441 2686 688 2733 honorum
726 2693 1009 2751 corruptos,
1060 2684 1285 2731 eumdem
1327 2684 1386 2731 ad
1432 2684 1529 2730 hoc
1573 2682 1761 2730 induxit
1804 2692 1858 2731 ut

441 2764 677 2828 acciperet
707 2761 964 2825 Aquitanioe
999 2762 1294 2826 portionem,
1330 2760 1560 2824 ducisque
1595 2760 1855 2824 Aquitaniae

440 2839 630 2887 titulum
652 2839 907 2903 praeferret.
