2054 3470
687 364 834 401 LIBER
867 362 1084 400 TERTIUS.
1511 363 1588 399 225

186 465 316 515 sent,
342 470 438 501 non
472 467 671 518 parvum
706 466 958 498 moerorem
974 487 986 509 ‚
1012 448 1134 496 ultra
1157 448 1339 514 priores
1359 448 1556 511 injurias
1573 487 1585 508 ‚

188 550 276 581 suo
300 532 460 580 animo
482 528 773 592 adjecerunt.

257 612 345 655 Pro
378 622 471 670 qua
498 622 549 652 re
587 606 686 670 ipse
719 604 815 651 dux
844 603 1034 651 illustris
1067 602 1128 650 ad
1169 602 1421 650 officiarios
1461 601 1592 648 urbis

191 683 575 747 Rothomagensis
602 697 709 729 suas
742 681 917 728 litteras
933 718 946 741 ,
972 689 1166 744 questus
1191 679 1251 726 de
1274 679 1461 742 injuria,
1487 678 1594 726 des-

190 763 371 811 tinavit.
394 764 521 818 Quas
543 776 652 807 cum
678 759 1014 824 suscepissent,
1038 757 1380 822 rescripserunt
1399 755 1461 804 ad
1483 773 1594 803 eum

193 849 244 887 ut
266 848 563 896 mercatores,
589 853 797 901 quorum
815 845 961 901 captae
983 835 1166 882 fuerant
1187 850 1348 892 naves,
1375 833 1438 881 ad
1459 849 1596 881 suam

193 918 395 965 mitteret
423 917 679 974 civitatem,
702 925 748 962 et
766 914 898 979 quod
921 913 1100 962 eisdem
1122 913 1472 960 restitutionem
1495 927 1598 959 om-

190 995 433 1043 nimodam
469 993 570 1040 fieri
601 994 955 1058 procurarent¹.
981 994 1102 1038 Cum
1124 1007 1240 1038 vero
1260 990 1342 1037 illo
1365 990 1454 1055 ipsi
1478 1007 1598 1037 mer-

193 1082 374 1120 catores
394 1072 653 1130 venissent‚
676 1069 1005 1116 admonitione
1024 1069 1096 1115 sui
1117 1067 1345 1133 principis
1363 1067 1468 1114 freti
1497 1067 1601 1131 (qui

192 1149 333 1196 etiam
352 1148 528 1195 litteras
552 1148 619 1194 eis
640 1146 834 1194 tradidit
852 1162 1012 1194 secum
1034 1145 1332 1204 deferendas,
1354 1161 1442 1210 per
1463 1161 1600 1209 quaS,

193 1224 407 1273 officiarii
432 1223 609 1290 praefati
630 1223 890 1271 scribentes
907 1222 967 1270 ad
993 1239 1102 1269 eum
1118 1258 1130 1280 ,
1160 1221 1504 1269 restitutionem
1529 1221 1604 1268 fa-

194 1303 413 1351 ciendam
446 1302 760 1367 promiserant
777 1337 789 1360 ,
827 1312 875 1349 et
904 1300 1037 1366 quod
1071 1301 1171 1366 ipse
1203 1310 1489 1351 mercatores
1518 1316 1606 1365 pro

197 1396 251 1427 ea
275 1378 613 1442 consequenda
637 1378 699 1425 ad
720 1395 801 1425 eos
827 1377 1106 1425 fiducialiter
1128 1378 1424 1442 destinaret),
1445 1378 1607 1425 omnia

199 1473 391 1522 prorsus
423 1456 557 1503 aliter
586 1465 727 1519 atque
762 1455 848 1502 rati
886 1455 1100 1515 fuerant,
1134 1454 1452 1502 offenderunt.
1486 1457 1610 1502 Cum

201 1534 328 1580 enim
369 1532 633 1580 faciendam
670 1531 760 1578 sibi
781 1567 793 1591 ,
825 1532 958 1595 juxta
990 1532 1221 1596 pollicita,
1259 1532 1609 1580 restitutionem

203 1610 541 1675 persuasissent
563 1618 704 1673 atque
724 1618 982 1674 sperarent,
1005 1608 1122 1656 nihil
1140 1619 1299 1656 tamen
1320 1608 1449 1656 aliud
1465 1624 1610 1673 quam

202 1687 393 1751 injurias
413 1697 555 1751 atque
573 1686 885 1733 contumelias
905 1690 1209 1751 receperunt;
1227 1686 1331 1733 caesi
1350 1686 1478 1733 enim
1496 1695 1542 1733 et
1560 1686 1608 1732 in

202 1779 438 1811 carcerem
457 1764 590 1822 trusi,
610 1762 768 1809 multis
787 1763 986 1810 lacessiti
1000 1762 1188 1827 probris
1204 1773 1344 1826 atque.
1363 1773 1608 1810 contume-

202 1840 292 1899 liis,
325 1840 484 1888 ablato
518 1840 659 1886 etiam
688 1839 749 1887 ab
773 1841 826 1887 iis
848 1841 886 1887 si
908 1840 1024 1904 quid
1046 1840 1174 1906 apud
1196 1856 1280 1887 eos
1301 1841 1458 1905 potuit
1478 1841 1614 1887 inve-

205 1918 320 1977 niri,
364 1919 428 1964 sic
462 1917 692 1982 expediti,
732 1917 793 1964 ad
829 1918 1024 1983 propria
1060 1917 1240 1964 dimissi
1291 1918 1352 1965 ad
1392 1918 1614 1966 ultimum

210 1993 442 2042 suerunt².

276 2074 542 2137 Agnoscens
576 2080 734 2119 autem
766 2072 867 2137 ipse
888 2071 1080 2120 illustris
1105 2072 1499 2136 Burgundionum
1521 2073 1618 2121 dux

262 2199 302 2236 1.
330 2199 556 2234 Pmcuraret
577 2195 671 2234 dans
691 2197 727 2234 le
747 2210 819 2235 ms.

263 2257 302 2294 2.
324 2259 380 2294 La
388 2255 661 2306 contre-partie
672 2255 720 2294 de
731 2269 794 2294 ces
804 2256 997 2295 violences
1010 2265 1067 2295 est
1083 2256 1178 2295 dans
1191 2257 1227 2295 le
1239 2257 1372 2296 cahier
1382 2257 1449 2296 des
1460 2258 1622 2310 plaintes

211 2313 252 2352 lu
277 2316 297 2352 a
325 2314 563 2354 l'assemblee
589 2315 637 2353 de
661 2318 782 2353 Tours
804 2331 813 2353 :
838 2334 855 2351 «
876 2318 968 2368 Ung
990 2317 1146 2354 nomme
1168 2317 1335 2355 Raoulin
1356 2319 1620 2370 Courtevoye,

213 2372 437 2412 demourant
456 2375 479 2411 a
496 2372 736 2422 Quilleboeuf
750 2387 817 2412 sur
837 2375 971 2421 Seine,
997 2383 1036 2413 et
1057 2375 1188 2414 Pierre
1211 2378 1366 2424 Penon,
1395 2376 1623 2416 demourant

214 2432 236 2468 a
252 2433 406 2479 Reum,
427 2441 494 2471 ont
511 2433 589 2471 este
609 2433 715 2484 prins
734 2446 801 2471 sur
819 2433 857 2472 la
875 2447 972 2482 mer,
994 2447 1088 2472 avec
1112 2434 1215 2473 leurs
1233 2434 1343 2473 biens
1362 2444 1400 2474 et
1418 2437 1623 2476 marchan-

214 2488 336 2550 dises,
364 2505 434 2543 par
458 2492 514 2530 les
543 2505 636 2544 gens
665 2492 718 2530 du
743 2493 847 2531 sieur
875 2492 923 2531 de
950 2492 1081 2531 Palme
1108 2502 1146 2531 et
1168 2493 1204 2532 lc
1226 2494 1380 2532 maistre
1406 2497 1552 2546 portier
1577 2497 1625 2535 de

215 2548 392 2599 l’Ecluse‚
412 2559 450 2588 et
466 2564 536 2601 par
554 2551 590 2590 le
607 2551 681 2589 duc
698 2551 746 2590 de
765 2555 996 2605 Bourgogne
1011 2566 1062 2591 ou
1080 2566 1139 2591 ses
1158 2554 1343 2601 officiers;
1365 2562 1402 2592 et
1419 2554 1486 2606 luy
1505 2564 1627 2593 estant

217 2610 239 2646 a
258 2611 424 2661 Bruges,
452 2618 518 2648 ont
537 2611 614 2649 este
637 2610 824 2650 dcclairez
849 2613 957 2650 oudit
984 2612 1063 2650 lieu
1086 2612 1134 2650 de
1158 2616 1305 2665 Bruges
1326 2613 1559 2665 prisonniers
1578 2614 1626 2653 de

215 2666 345 2705 bonne
362 2681 515 2719 guerre,
527 2669 630 2708 leurs
643 2670 803 2710 denrees
818 2681 856 2710 et
869 2672 1150 2711 marchandises
1163 2682 1262 2711 estre
1275 2673 1323 2711 de
1338 2673 1468 2712 bonne
1482 2675 1625 2726 prinse,

218 2736 256 2767 et
274 2728 364 2767 eulx
381 2741 614 2778 raenconnez
631 2732 654 2768 a
669 2740 780 2783 grant
797 2744 943 2770 somme
957 2731 1005 2770 de
1024 2731 1178 2771 deniers
1196 2733 1304 2772 selon
1319 2731 1406 2771 leur
1418 2741 1531 2779 estat,
1553 2733 1628 2771 les-

219 2786 331 2837 quelz
349 2786 434 2824 leur
455 2800 478 2825 a
495 2800 670 2826 convenu
688 2789 795 2840 paier
813 2800 930 2829 avant
949 2791 1068 2843 partir
1089 2792 1136 2830 de
1159 2793 1305 2844 prison.
1330 2808 1347 2825 n
1369 2792 1529 2845 Iacnglet
1550 2795 1632 2830 Du-

220 2844 390 2897 sresnoy,
413 2847 631 2893 commines,
653 2855 679 2886 t.
700 2850 772 2898 111,
792 2862 832 2900 p.
852 2851 917 2887 80.

435 2929 470 2953 11
1365 2925 1416 2960 15
