2054 3470
747 348 895 387 LIBER
920 347 1121 386 PRIMUS.
1590 346 1640 384 59

237 443 398 509 spoliis
418 454 584 489 eorum
606 452 714 484 suas
733 452 850 501 opes
872 434 1179 498 adaugerent.
1205 433 1399 481 Minime
1418 449 1533 480 vero
1553 432 1644 480 illis

237 536 358 584 opus
379 526 480 566 erat
501 524 555 562 ut
576 529 746 564 eorum
766 512 1027 560 adventum
1049 511 1172 559 votis
1195 519 1487 575 expeterent.
1524 510 1644 556 Satis

235 595 365 643 enim
398 606 636 658 superque
673 589 784 637 satis
818 589 954 635 citius
993 587 1056 635 ad
1094 603 1177 635 eos
1212 586 1459 634 Gallorum
1496 585 1646 633 adfuit

237 672 484 723 adventus.
539 671 675 726 Quos
725 684 837 714 cum
886 666 1165 714 adventasse
1218 665 1552 728 cognovissent
1599 673 1648 710 et

236 750 360 796 intra
384 747 502 795 fines
523 762 636 793 suos
658 744 820 792 adesse
844 744 1091 803 sentirent,
1116 752 1252 791 tanto
1272 752 1384 790 sunt
1406 741 1533 789 illico
1563 757 1646 807 pa-

235 842 351 874 vore
367 824 630 883 conterriti,
652 832 783 870 tanta
805 821 1186 887 pusillanimitate
1207 820 1436 886 percussi,
1462 829 1516 866 ut
1537 835 1647 884 pro-

235 902 360 951 fecto
379 901 536 950 verbis
551 901 648 948 suis
666 899 979 959 tumentibus,
996 898 1222 962 jactantia
1243 897 1344 945 sola
1360 906 1503 961 atque
1523 912 1650 943 arro·

235 981 392 1046 gantia
418 979 597 1045 plenis,
633 995 804 1026 eorum
834 977 954 1025 facta
978 976 1248 1024 nullatenus
1274 973 1645 1040 responderent,

151 1043 169 1118 ι’
235 1057 320 1106 sed
337 1056 612 1105 mulieribus
632 1054 898 1103 timidiores
918 1063 966 1102 et
983 1053 1228 1119 leporibus
1247 1052 1525 1116 fugaciores‚
1550 1067 1648 1098 non

235 1133 298 1182 de
333 1149 588 1197 congressu
619 1141 701 1180 aut
739 1131 1016 1179 defensione
1033 1166 1046 1190 ‚
1088 1129 1170 1177 sed
1206 1129 1265 1177 de
1298 1128 1398 1176 sola
1431 1127 1541 1192 suga
1573 1143 1652 1174 co-

237 1212 452 1277 gitarent.

681 1394 1021 1440 CAPITULUM
1066 1395 1210 1439 xvn.

370 1530 424 1563 De
436 1527 695 1576 expugnatione
710 1528 840 1563 castelli
855 1527 901 1563 d·
916 1529 1058 1562 Volone
1073 1536 1108 1562 et
1125 1527 1311 1562 obsidione
1328 1527 1532 1563 Barcinonu

714 1581 759 1616 ab
775 1581 928 1616 exercitu
946 1581 1175 1617 Francorum.

309 1700 449 1748 Initio
476 1717 588 1747 cum
618 1703 892 1764 Pyrenaeum
922 1709 1171 1764 penetrare
1196 1715 1362 1746 versus
1388 1698 1655 1763 Ampurita·

243 1794 379 1839 num,
401 1776 460 1824 ad
475 1793 755 1824 succursum
763 1777 934 1840 reginae
951 1775 1169 1837 obsessae,
1188 1785 1501 1841 properarent
1513 1775 1653 1835 Galli,

243 1870 332 1901 nec
354 1853 558 1914 castella,
584 1869 735 1918 prope
761 1870 867 1918 quae
892 1853 1159 1912 transirent,
1185 1869 1456 1918 expugnare
1479 1869 1659 1917 propo-

243 1941 427 1992 nerent,
449 1947 510 1978 ne
531 1930 651 1977 forte
669 1947 838 1977 eorum
858 1929 923 1977 oh
948 1947 1053 1977 eam
1069 1947 1171 1977 rem
1187 1929 1444 1977 retardatio
1463 1930 1657 1977 exitium

244 2007 445 2056 obsessis
475 2006 730 2069 attulisset,
763 2008 890 2054 cives
924 2007 1143 2073 oppiduli
1175 2007 1237 2053 de
1265 2006 1494 2068 Volone¹‚
1528 2007 1658 2071 quod

245 2093 346 2132 tum
379 2084 510 2132 dives
540 2094 587 2131 et
615 2084 896 2149 opulentum
923 2101 1019 2150 prae
1043 2084 1221 2132 caeteris
1242 2094 1340 2131 erat
1361 2093 1471 2150 post
1494 2085 1658 2150 Perpi-

245 2162 459 2222 nianum,
485 2162 534 2208 in
559 2162 789 2209 comitatu
812 2162 1105 2222 Rossilionis,
1129 2177 1241 2209 cum
1263 2178 1413 2227 prope
1435 2177 1518 2209 eos
1539 2178 1659 2210 non-

246 2237 364 2286 nulli
395 2238 642 2286 Gallorum
676 2239 951 2299 transirent,
985 2249 1055 2286 tot
1087 2256 1169 2286 eos
1201 2239 1260 2286 de
1294 2239 1389 2286 suis
1419 2238 1660 2286 moenibus

248 2323 388 2381 atque
408 2316 558 2381 portis
580 2315 879 2362 contumeliis
899 2325 947 2362 et
968 2316 1150 2379 injuriis
1171 2315 1500 2377 lacessierunt,
1525 2316 1659 2381 quod

249 2407 331 2438 eos
350 2392 522 2439 invitos
543 2392 926 2458 quodammodo,
954 2394 1121 2458 procul
1143 2393 1292 2441 dubio
1311 2394 1359 2440 in
1378 2394 1449 2441 sui
1467 2394 1661 2441 exitium

251 2469 564 2516 concitarunt.
597 2473 703 2517 Non
731 2469 940 2517 valentes
966 2471 1097 2518 enim
1119 2471 1291 2518 milites
1316 2481 1414 2518 tam
1440 2470 1661 2518 molestas

255 2543 376 2592 ultro
397 2547 721 2608 contumelias,
747 2558 819 2595 tot
842 2549 1058 2596 convicia
1077 2559 1218 2614 atque
1237 2549 1416 2615 probra
1432 2548 1657 2614 perferre,

255 2620 316 2667 ad
336 2638 417 2669 eos
437 2626 775 2689 expugnandos
794 2626 1012 2691 protinus
1035 2627 1371 2675 admoverunt.
1395 2626 1540 2685 Quod
1564 2634 1662 2672 tam

254 2695 458 2745 breviter
486 2701 742 2750 effecerunt
772 2703 907 2766 (licet
927 2714 1124 2767 perante
1148 2704 1489 2751 munitissimos
1519 2718 1663 2766 repu-

313 2843 348 2878 1.
377 2843 432 2879 Le
449 2841 584 2882 Bolon.
