2054 3470
387 347 465 384 290
756 349 1097 388 HISTORIARUM
1124 352 1359 389 LUDOVICI
1386 353 1442 388 XI

385 435 474 483 sibi
490 435 840 483 adversantium
860 438 1076 503 Anglicos
1092 440 1142 485 in
1160 449 1308 486 terras
1328 439 1429 486 illas
1447 438 1680 488 advocare
1703 459 1783 490 seu

382 513 696 560 intromittere
712 514 871 575 vellet3
896 525 942 562 et
958 525 1212 580 propterea
1233 515 1313 563 tali
1331 515 1542 580 periculo
1560 533 1610 564 se
1626 534 1790 566 occur-

382 606 486 637 rere
508 590 627 637 velle
657 601 704 638 et
740 581 1023 656 providere,
1049 610 1132 653 ne,
1155 594 1205 640 in
1227 593 1361 640 illum
1390 604 1630 654 eventum,
1665 596 1783 644 alius

382 675 491 714 ante
517 683 565 714 se
591 677 828 716 terrarum
858 668 1047 716 illarum
1080 670 1277 718 intraret
1308 671 1670 735 possessionem.

445 741 705 789 simulabat
743 742 888 789 etiam
930 752 1033 789 tum
1050 780 1062 801 ‚
1107 761 1215 790 cum
1258 744 1476 791 nondum
1519 744 1650 792 idem
1693 746 1788 793 dux

382 819 641 882 Aquitaniae
675 820 822 867 vitam
858 819 1078 882 finiisset,
1106 822 1249 885 paulo
1279 833 1388 869 ante
1425 822 1570 870 finem
1605 833 1789 887 treuga-

380 912 504 955 rum,
525 896 645 943 velle
661 913 711 943 se
733 912 898 961 pacem
919 913 1210 962 componere
1229 908 1276 945 et
1288 897 1476 946 firmare
1492 916 1603 946 cum
1619 900 1788 948 eodem

379 972 663 1036 Burgundiae
686 972 825 1029 duce,
855 982 901 1020 et
926 973 1170 1020 Ambianis
1194 983 1335 1038 atque
1350 976 1785 1034 Sanctum-Quinti-

379 1065 497 1095 num
522 1049 564 1095 ei
589 1050 859 1106 restituere3
890 1050 1125 1113 misitque,
1150 1050 1292 1114 hujus
1313 1051 1380 1097 rei
1402 1053 1572 1114 gratia,
1610 1052 1786 1116 legatos

377 1125 439 1172 ad
473 1143 583 1173 eum
614 1126 899 1173 Gandavum
935 1136 981 1174 et
1018 1131 1219 1190 Bmg-as,
1256 1127 1516 1176 sufficiente
1558 1131 1787 1194 potestate

377 1201 615 1257 suffultos,
653 1203 735 1266 qui
773 1202 868 1249 boc
893 1203 1041 1267 ipsius
1061 1204 1257 1251 nomine
1288 1205 1558 1269 promisisse
1579 1205 1788 1254 fereban-

375 1287 451 1324 tur
471 1288 517 1325 et
539 1296 623 1343 per
644 1279 739 1326 hoc
758 1296 926 1345 pacem
949 1297 1059 1327 cum
1080 1297 1137 1327 eo
1161 1281 1460 1329 reformasse¹
1487 1300 1497 1328 :
1525 1300 1647 1347 quae,
1674 1301 1786 1348 pro-

376 1355 452 1402 cul
488 1355 666 1416 dubio,
712 1357 931 1405 absoluta
968 1368 1013 1405 et
1044 1358 1250 1423 perfecta
1286 1359 1347 1407 ab
1380 1360 1606 1408 omnibus
1645 1361 1789 1410 ferme

377 1434 695 1481 aestimabatur
711 1473 723 1496 ,
764 1435 1173 1500 quemadmodum
1198 1446 1244 1483 et
1265 1437 1325 1484 de
1346 1437 1555 1503 hoc-ipse
1575 1442 1788 1503 Burgun-

375 1510 575 1557 dionum
613 1512 710 1559 dux
745 1512 969 1577 epistolas
998 1513 1350 1561 certificatorias
1386 1515 1448 1562 ad
1476 1532 1644 1582 omnes
1673 1517 1786 1564 civi-

374 1596 490 1634 tates
517 1598 563 1634 et
586 1589 786 1653 insignia
814 1599 1050 1636 terrarum
1081 1607 1273 1637 suarum
1305 1591 1483 1656 oppida
1508 1592 1781 1654 destinavit,

373 1664 469 1712 hoc
491 1683 709 1731 expresse
731 1677 1004 1714 attestantes
1030 1677 1076 1714 et
1095 1669 1414 1734 continentes.

439 1746 617 1791 Verum
639 1762 750 1792 cum
774 1745 870 1792 hoc
886 1762 972 1810 per
992 1762 1152 1808 regem
1179 1763 1235 1792 ex
1258 1746 1387 1794 bona
1409 1747 1503 1795 fide
1530 1749 1604 1812 agi
1631 1749 1785 1796 existi-

374 1830 564 1882 masset,
592 1822 748 1868 statim
779 1822 912 1868 ducis
937 1822 1199 1885 Aquitaniae
1224 1833 1377 1869 morte
1409 1833 1671 1888 comperta,
1696 1824 1785 1871 sibi

428 1945 466 1980 1.
498 1945 625 1981 Avant
643 1942 787 1981 l'envoi
807 1936 855 1980 de
881 1950 979 1979 cette
1008 1940 1256 1988 ambassade‚
1282 1941 1349 1992 qui
1368 1950 1433 1980 eut
1450 1942 1527 1981 lieu
1557 1945 1580 1981 a
1605 1943 1643 1982 la
1661 1944 1713 1982 fin
1733 1944 1785 1983 du

374 2000 470 2038 mois
487 2000 625 2038 d’avril
647 2003 772 2048 1472,
793 2000 847 2038 les
864 1998 1078 2037 conditions
1108 2000 1156 2038 de
1180 2000 1216 2038 la
1233 2001 1324 2051 paix
1343 2001 1495 2039 avaient
1515 2002 1574 2040 ete
1591 2002 1785 2042 solenne}-

373 2059 516 2097 lement
545 2060 741 2110 acceptees
772 2067 809 2096 et
831 2057 1004 2108 redigees
1037 2070 1084 2095 en
1116 2058 1238 2096 forme
1268 2059 1316 2096 de
1345 2059 1453 2097 traite
1484 2073 1556 2111 par
1578 2061 1614 2099 le
1639 2061 1714 2100 duc
1737 2062 1785 2101 de

373 2120 624 2170 Bourgogne,
647 2120 668 2155 ὲ
688 2117 725 2155 la
742 2117 828 2154 date
848 2116 899 2154 du
927 2119 948 2154 3
969 2116 1125 2154 octobre
1147 2119 1266 2157 1471.
1286 2121 1413 2156 L'acte
1432 2126 1488 2157 est
1511 2119 1689 2171 imprime
1708 2123 1729 2158 a
1749 2121 1785 2160 la

374 2177 472 2215 suite
491 2177 544 2215 du
563 2177 780 2214 Commines
799 2176 847 2213 de
865 2175 1024 2226 Lenglet
1042 2176 1274 2226 Dufresnoy,
1296 2186 1323 2216 t.
1345 2180 1424 2228 III,
1446 2191 1484 2229 p.
1513 2180 1604 2219 171.
1626 2180 1722 2219 Mais
1750 2180 1786 2219 le

373 2236 432 2274 roi
446 2249 494 2274 ne
507 2249 547 2274 se
563 2235 651 2273 hetta
668 2248 736 2286 pas
751 2234 798 2271 de
819 2235 854 2271 le
874 2234 1032 2281 ratifier,
1050 2246 1164 2284 parce
1182 2234 1275 2285 qu’il
1289 2236 1379 2275 etait
1392 2238 1564 2288 prevenu
1583 2237 1632 2276 de
1647 2237 1684 2277 la
1698 2252 1786 2278 coa-

372 2294 482 2333 lition
501 2296 646 2333 secrete
668 2296 734 2345 qui
763 2307 804 2332 se
824 2293 978 2331 formait
996 2301 1103 2331 entre
1123 2293 1158 2332 le
1177 2294 1251 2332 duc
1272 2295 1321 2334 de
1348 2299 1575 2348 Bourgogne
1594 2305 1632 2335 et
1652 2300 1688 2336 le
1710 2298 1785 2338 duc

374 2353 422 2393 de
449 2355 636 2396 Guienne.
675 2355 705 2392 Il
737 2367 778 2392 se
805 2353 940 2392 deoida
976 2353 1189 2392 seulement
1222 2355 1376 2407 lorsque
1407 2356 1511 2394 l’etat
1549 2356 1603 2394 du
1632 2355 1706 2395 duc
1736 2357 1783 2396 de

372 2413 547 2452 Guienne
575 2415 631 2452 fut
651 2413 814 2465 regarde
840 2427 988 2452 comme
1011 2413 1234 2465 desespere3
1260 2416 1356 2454 mais
1380 2416 1408 2454 il
1430 2416 1485 2453 vit
1508 2424 1592 2453 tout
1613 2416 1662 2455 de
1687 2417 1784 2456 suite

372 2484 447 2522 que
466 2471 502 2509 le
523 2471 597 2510 duc
615 2473 663 2511 de
683 2476 914 2525 Bourgogne
932 2487 982 2511 ne
1009 2473 1203 2511 cherchait
1224 2476 1246 2511 a
1265 2488 1335 2512 son
1356 2484 1444 2513 tour
1461 2477 1550 2526 qu'a
1568 2488 1714 2528 gagner
1730 2477 1784 2515 du

372 2538 509 2583 temps.
535 2531 565 2568 Il
589 2531 645 2569 dit
662 2532 744 2570 cela
763 2532 857 2570 dans
879 2546 953 2570 une
974 2533 1085 2570 lettre
1103 2533 1384 2572 confidentielle
1404 2535 1456 2572 du
1475 2537 1524 2572 15
1543 2535 1620 2572 mai
1644 2538 1747 2574 1472
1770 2551 1780 2574 ε

374 2609 391 2624 ιι
415 2590 500 2640 J'ay
519 2603 567 2629 eu
587 2591 654 2628 des
673 2592 872 2630 nouvelles
897 2592 945 2631 de
970 2595 1094 2630 Mons.
1123 2592 1171 2630 de
1193 2594 1317 2631 Craon
1337 2603 1374 2632 et
1398 2595 1446 2633 de
1467 2597 1590 2634 Mons.
1611 2595 1647 2633 le
1665 2596 1784 2647 gene-

370 2650 424 2688 ral
458 2652 531 2697 (ses
562 2650 852 2689 ambassadeurs
883 2665 931 2690 en
965 2651 1165 2700 Flandre);
1197 2661 1234 2697 et
1259 2666 1308 2691 en
1338 2653 1429 2692 effet
1454 2667 1498 2692 ce
1523 2666 1574 2693 ne
1595 2662 1681 2692 sont
1706 2665 1782 2706 que

370 2716 494 2746 toutes
513 2707 830 2747 dissimulacions.
850 2710 1027 2762 (Lenglet
1044 2711 1277 2762 Dufresuoy,
1297 2721 1325 2752 t.
1347 2716 1426 2761 ΙΙΙ,
1448 2728 1487 2766 p.
1510 2716 1616 2762 187).
1637 2731 1654 2748 u
1673 2717 1781 2753 Com-

369 2766 492 2804 mines
511 2767 690 2819 explique
710 2768 1029 2806 tres-clairement
1051 2776 1156 2807 toute
1173 2778 1270 2809 cette
1290 2772 1546 2823 negociation,
1566 2774 1632 2823 qui
1650 2771 1778 2811 n’etait

369 2827 489 2877 qu'un
512 2827 621 2879 piege
642 2827 759 2864 tendu
782 2841 830 2865 au
851 2828 922 2866 roi.
945 2831 989 2866 L.
1012 2830 1083 2878 111,
1104 2841 1138 2867 c.
1163 2842 1218 2868 1x.

2047 1373 2054 1437 1.-
