2054 3470
673 333 818 369 LIBER
848 332 1052 369 TERTIUS
1059 360 1067 368 .
1517 335 1594 371 245

183 421 456 470 ducendum
479 421 803 478 instruxerat¹,
829 434 992 466 versus
1017 417 1364 466 occidentalem
1387 419 1597 485 plagam’

184 500 232 547 in
258 499 470 564 Angliam
491 497 689 562 appulit.

248 580 357 635 Quo
377 591 487 623 cum
507 573 762 639 appulisset
782 582 830 619 et
853 589 902 619 se
923 572 1121 619 nomine
1145 574 1337 621 Henrici
1358 576 1482 639 regis
1502 577 1592 623 mi-

182 654 315 702 litare
349 662 512 700 contra
553 651 853 711 Edoardum‚
894 650 993 713 ejus
1034 649 1249 712 hostem,
1292 651 1471 716 ubique
1509 670 1594 718 per

183 746 379 794 regnum
417 727 710 775 disseminari
748 736 795 773 et
836 725 1071 791 publicari
1109 725 1292 774 fecisset
1308 763 1320 787 ‚
1357 727 1452 775 dici
1490 746 1591 777 non

182 817 336 873 potest
370 814 575 870 quantos
610 804 814 870 ubique,
853 813 899 851 et
937 803 1256 869 populorum,
1294 814 1341 852 et
1374 807 1591 855 omnium

181 901 313 950 paene
339 893 545 930 statuum
569 883 702 946 regni
737 882 921 929 favores
946 891 1090 945 atque
1112 881 1284 929 auxilia
1306 884 1586 932 conciliarit.

181 960 364 1020 Quibus
393 960 564 1018 fretuS,
596 958 857 1006 nonnullos
884 975 942 1005 ex
970 957 1233 1019 officiariis,
1266 975 1389 1022 quos
1417 960 1507 1007 sub
1541 979 1591 1009 se
1653 960 1656 962 ’

179 1056 268 1104 pro
287 1038 419 1101 regui
441 1037 849 1085 administratione
868 1052 923 1083 ac
940 1034 1286 1099 gubernatione
1302 1037 1403 1101 ipse
1415 1037 1592 1086 Edoar-

179 1115 270 1163 dus
293 1116 578 1175 instituerat,
605 1115 655 1161 in
682 1112 898 1179 pluribus
920 1113 1037 1160 locis
1059 1113 1271 1178 pun1vit‚
1297 1123 1342 1160 et
1366 1114 1591 1164 interiora

178 1193 311 1255 regni
345 1201 622 1256 penetrans,
658 1191 719 1238 ad
751 1189 1136 1256 persequendum
1169 1199 1216 1237 et
1247 1191 1591 1239 inveniendum

178 1267 367 1315 hostem
389 1268 647 1315 exercitum
669 1267 853 1314 direxit.

244 1346 384 1392 Venit
402 1355 559 1393 autem
582 1345 871 1405 Londonias,
896 1344 982 1391 ubi
1003 1344 1236 1392 Henricus
1253 1359 1332 1391 rex
1356 1346 1588 1409 captivus,

175 1422 275 1484 jam
311 1422 455 1486 longo
496 1432 711 1487 tempore
726 1459 738 1478 ,
788 1415 838 1468 in
882 1424 1029 1468 Turre
1068 1420 1358 1468 servabatur.
1398 1423 1506 1479 Qua
1541 1422 1590 1468 in

180 1498 316 1557 urbe,
342 1515 447 1562 quae
467 1500 612 1545 totius
629 1499 762 1562 regni
785 1507 856 1544 est
876 1506 1038 1562 caput,
1066 1513 1177 1543 cum
1198 1498 1406 1562 plurimo
1431 1498 1591 1545 favore

179 1592 229 1622 se
253 1585 501 1640 exceptum
526 1574 722 1634 videret,
752 1576 1009 1622 Henrieum
1028 1573 1088 1621 de
1110 1573 1236 1622 dicta
1257 1577 1404 1621 Turre
1425 1584 1472 1621 et
1492 1591 1593 1622 car-

179 1667 286 1699 cere
305 1651 521 1710 absolvit,
544 1661 590 1699 et
608 1669 665 1698 ex
686 1652 874 1716 captivo
894 1667 1054 1716 regem
1076 1651 1237 1698 denuo
1260 1650 1383 1698 fecit.
1407 1653 1478 1698 De
1495 1668 1591 1715 qua

178 1729 278 1792 ejus
295 1727 576 1776 liberatione
596 1738 642 1775 et
659 1727 995 1776 sublimatione
1014 1744 1214 1791 magnus
1234 1727 1488 1792 applausus
1507 1745 1592 1792 per

179 1821 363 1864 omneS‚
385 1806 468 1869 qui
486 1821 678 1852 suarum
694 1805 770 1852 vel
787 1805 900 1851 dicti
924 1809 994 1851 W
990 1804 1149 1851 arvich
1165 1804 1373 1869 partium
1391 1804 1591 1852 studiosi

176 1892 334 1942 erant,
368 1900 453 1948 per
479 1899 678 1946 regnum
708 1883 882 1947 Angliae
910 1882 1185 1929 universum
1212 1881 1361 1929 factus
1387 1881 1498 1941 fuit3
1524 1882 1592 1930 sic

103 1947 107 1951 ⁵
177 1959 308 2024 quod
331 1961 470 2025 pauci
493 1960 718 2007 Edoardo
745 1969 964 2025 parentes
987 1969 1129 2024 atque
1152 1958 1429 2007 obedientes
1454 1976 1590 2007 man-

177 2046 361 2095 serunt,
392 2038 441 2084 in
468 2047 625 2102 partes
646 2037 868 2085 adversas
895 2038 1038 2084 totius
1058 2053 1193 2101 paene
1218 2037 1351 2101 regni
1377 2037 1590 2085 multitu-

179 2111 291 2160 dine
311 2114 598 2160 confluente.

243 2190 333 2238 Sed
370 2193 623 2239 contractis
660 2191 972 2239 nihilominus
1005 2192 1182 2256 copiiS,
1223 2209 1342 2256 quas
1374 2203 1586 2259 poterat,

182 2267 448 2328 Edoardus,
491 2286 545 2316 ex
570 2269 644 2317 his
671 2286 793 2333 quos
820 2268 909 2316 sibi
937 2269 1087 2333 magis
1110 2268 1234 2316 fidos
1265 2270 1583 2330 existimabat,

177 2343 302 2391 hosti
337 2345 530 2394 obviam
552 2348 620 2394 ire
655 2357 701 2394 et
725 2346 786 2394 ad
810 2356 1050 2394 certamen
1084 2363 1485 2413 eongressumque
1507 2365 1589 2396 ve-

180 2421 282 2468 nire
303 2424 540 2486 cogitavit.
567 2427 742 2471 Verum
768 2441 878 2471 cum
899 2424 949 2470 id
972 2440 1110 2488 agere
1132 2425 1399 2486 moliretur,
1425 2436 1471 2474 et
1487 2427 1586 2490 jam

235 2574 252 2609 1
265 2602 274 2610 .
302 2576 326 2607 ἰι
348 2577 401 2613 Le
421 2589 557 2626 roy....
579 2578 639 2615 fist
660 2577 851 2616 avitailler
871 2592 913 2617 sa
931 2579 1016 2627 nef,
1043 2579 1080 2616 la
1099 2579 1171 2617 nef
1190 2578 1238 2617 de
1255 2581 1354 2632 Mgr.
1377 2579 1586 2626 l'admiral‚

181 2634 218 2671 la
235 2635 305 2672 nes
321 2634 369 2674 de
387 2637 504 2675 Colon
527 2639 824 2690 (vice-amiud),
846 2649 883 2679 et
902 2641 1042 2679 aultres
1060 2640 1250 2692 plusieurs
1268 2640 1395 2680 beaux
1411 2641 1586 2687 navim,

179 2692 323 2731 dedans
347 2695 510 2746 lesquels
535 2710 574 2735 se
595 2699 735 2736 mii-ent
756 2708 793 2737 et
813 2699 1020 2738 bouterent
1046 2699 1177 2738 lesdits
1204 2700 1254 2738 de
1280 2701 1463 2740 Clarence
1482 2708 1520 2738 et
1539 2699 1587 2737 de

179 2752 358 2792 Warwik.
381 2770 398 2786 »ι
421 2754 562 2792 Chron.
581 2756 728 2805 scand.‚
749 2759 901 2796 adana.
926 2762 1044 2798 1470.

232 2813 270 2849 Ξ.
303 2815 333 2848 A
353 2812 557 2865 Plymouth
577 2823 614 2853 et
631 2818 653 2853 a
670 2818 911 2858 Dartmouth.
