2054 3470
417 340 494 376 144
781 340 1126 379 HISTORIARUM
1152 341 1390 381 LUDOVICI
1415 343 1474 381 XI

414 430 541 490 triae,
567 439 830 496 caeteraque
852 431 1111 496 provinciae
1126 430 1306 494 officia,
1332 433 1706 500 assequendas),
1733 435 1832 485 sue-

414 517 528 555 runt
545 508 688 556 etiam
706 508 864 556 eidem
879 508 990 555 duci
1009 509 1166 572 gratiae
1181 510 1459 557 solemniter
1475 510 1648 559 habitae
1659 547 1673 573 ,
1696 514 1840 578 quod>

414 585 573 650 ipsum
593 586 861 651 principem
883 602 1053 645 suum,
1078 602 1189 634 eum
1223 587 1531 651 associando,
1572 598 1622 636 et
1656 589 1720 637 ad
1752 591 1830 656 ip-

410 680 518 712 sum
543 681 695 730 usque
728 664 886 713 locum
920 663 1229 726 deducendo,
1254 665 1495 714 honorare
1536 667 1825 717 curavisset:

410 742 726 790 contestando
755 743 898 789 etiam
937 742 1096 807 quod,
1126 759 1216 808 pro
1250 742 1584 807 hujuscemodi
1605 745 1829 796 humani-

411 829 506 868 tate
522 820 835 886 plurimisque
854 818 1116 885 obsequiiS,
1144 837 1171 868 a
1190 837 1240 868 se
1257 821 1450 886 suisque
1467 822 1580 870 duci
1591 839 1679 871 suo
1695 840 1826 873 novo

405 899 692 963 praestitislet
713 898 964 963 impensis,
991 907 1177 961 gratum
1197 900 1455 964 provinciae
1479 910 1826 967 acceptumque

404 976 548 1039 foret,
589 976 723 1041 quod
762 977 822 1024 de
855 975 1122 1023 honoribus
1155 985 1203 1023 et
1234 976 1403 1025 officiis
1432 979 1594 1044 patriae
1615 979 1826 1029 honora—

407 1054 555 1102 bilem
591 1054 664 1100 sui
697 1053 963 1119 perciperet
996 1054 1295 1119 portionem,
1339 1072 1482 1118 cum,
1520 1057 1582 1104 ab
1616 1059 1824 1123 antiquis

402 1130 724 1196 temporibus,
757 1130 909 1178 ambae
935 1131 1222 1195 provinciae,
1253 1131 1431 1180 scilicet
1460 1135 1756 1183 Normannia
1776 1144 1823 1183 et

403 1210 643 1257 Britannia
667 1209 802 1274 (quae
822 1208 1131 1256 conterminae
1163 1218 1274 1256 sunt
1304 1219 1351 1256 et
1381 1210 1656 1276 maritimae)
1677 1228 1822 1259 com—

399 1288 589 1334 merciis
612 1297 755 1352 atque
776 1285 1201 1350 negotiationibus,
1227 1288 1459 1352 conjugiis
1485 1289 1628 1336 etiam
1657 1299 1705 1336 et
1725 1289 1820 1337 affi-

399 1365 655 1427 nitatibus,
682 1365 962 1429 magnisque
985 1364 1203 1412 amicitiis
1237 1374 1283 1411 et
1304 1365 1695 1428 germanitatibus
1710 1403 1725 1429 ,
1749 1366 1822 1414 in-

317 1482 326 1487 -
397 1445 549 1492 vicem
566 1444 809 1510 permixtae
823 1443 1015 1491 fuerunt
1033 1452 1080 1489 et
1098 1443 1379 1506 conjunctae.
1398 1442 1646 1507 Rogabant
1659 1453 1821 1492 tamen

397 1533 473 1582 ut,
506 1523 631 1570 inter
647 1531 843 1569 caeteros
860 1558 872 1580 ‚
895 1521 1040 1568 etiam
1057 1519 1300 1568 nobilibus
1323 1530 1370 1567 et
1399 1520 1613 1569 honestis
1634 1521 1820 1570 civibus

395 1600 559 1666 patriae
580 1616 666 1647 sua
693 1600 855 1663 aliqua
878 1598 1062 1664 porti0,
1088 1597 1140 1645 in
1168 1597 1368 1667 hujusce
1388 1598 1638 1648 honorum
1663 1599 1818 1649 distri-

394 1676 619 1739 butione,
645 1677 713 1724 uti
736 1693 824 1744 par
847 1685 971 1738 erat,
998 1685 1332 1724 asservaretur.

873 1897 1210 1943 CAPITULUM
1254 1897 1318 1942 XI
1322 1928 1335 1940 .

391 2036 552 2080 Qualiter
567 2034 736 2070 dominus
759 2033 920 2076 Carolus,
938 2032 1014 2067 dux
1031 2031 1273 2075 Normanniae,
1291 2040 1372 2079 post
1386 2032 1510 2079 longas
1523 2042 1657 2074 moras,
1672 2030 1812 2067 Britan·

437 2102 570 2124 norum
586 2088 679 2123 dolis
694 2095 892 2135 protractas
904 2113 914 2130 ‚
937 2086 1063 2120 urbem
1084 2097 1183 2119 suam
1204 2084 1471 2133 Rothomagum
1489 2084 1664 2132 ingressus
1685 2092 1748 2120 est.
1765 2085 1812 2120 Et

440 2141 486 2177 de
499 2141 703 2188 turpissima
719 2139 929 2174 discessione
941 2138 1043 2175 ducis
1059 2138 1248 2174 Britannia
1265 2138 1311 2174 ab
1324 2151 1368 2174 eo
1378 2166 1389 2184 ,
1411 2138 1591 2188 ipsiusque
1609 2146 1645 2174 et
1661 2150 1811 2175 suorum

436 2195 666 2231 infamissima
682 2193 900 2242 proditione.

454 2326 514 2370 Et
552 2339 828 2387 quanquam
865 2315 923 2370 ea
959 2322 1145 2387 rogatio
1185 2331 1234 2369 et
1268 2322 1433 2388 petitio
1474 2320 1809 2370 honestissima

387 2410 530 2465 atque
568 2401 827 2465 justissima
866 2400 1018 2458 foret,
1064 2399 1301 2447 creditum
1337 2409 1408 2447 est
1449 2408 1609 2446 tamen
1646 2399 1807 2464 ipsum

387 2480 639 2527 Britanniae
666 2479 856 2541 ducem,
888 2496 990 2527 non
1018 2489 1116 2526 tam
1129 2494 1215 2526 sua
1230 2477 1427 2543 quidem
1445 2492 1591 2541 quam
1605 2492 1807 2523 suorum

387 2560 687 2624 instigatione
702 2562 713 2584 ¹
737 2560 869 2624 (qui,
892 2559 951 2606 de
975 2559 1204 2607 universis
1218 2558 1379 2624 patriae
1398 2556 1686 2617 honoribus,
1708 2571 1804 2604 suae

387 2639 636 2705 cupiditati
670 2648 717 2686 et
749 2639 991 2703 praetensis
1015 2655 1073 2685 ex
1093 2654 1142 2685 se
1170 2637 1350 2684 meritis
1380 2651 1554 2701 parum
1581 2634 1673 2682 sihi
1700 2633 1803 2682 fieri

386 2717 673 2784 reputabant
687 2754 700 2779 ,
728 2716 874 2763 totius
897 2716 1060 2780 patriae
1084 2713 1546 2762 administrationem
1567 2722 1614 2761 et
1635 2711 1802 2760 mode-

442 2858 479 2898 1.
509 2857 614 2894 Dans
632 2853 669 2892 le
687 2866 760 2893 ms.
780 2866 894 2903 quam
911 2865 1058 2890 suorum
1078 2859 1117 2889 et
1132 2853 1180 2889 de
1196 2850 1447 2903 instigatione.

1975 3356 1992 3470 ἒ
