2054 3470
361 344 436 381 312
719 343 1062 381 HISTORIARUM
1089 345 1327 382 LUDOVICI
1356 345 1414 381 XI

359 431 477 479 dum
506 447 594 479 suo
627 431 858 496 genitori,
884 431 1142 479 adventare
1164 433 1453 497 properavit.
1482 435 1639 491 Quem
1661 449 1772 480 cum

360 526 459 556 non
502 509 667 575 procul
707 509 872 557 abesse
911 510 1255 574 persensissent
1290 510 1436 557 duces
1481 513 1772 557 Francorum

358 588 614 647 exercitus,
642 588 724 652 qui
744 587 904 648 etiam,
929 597 982 634 ut
1007 587 1228 648 diximus,
1255 598 1359 634 tum
1381 588 1508 635 bello
1531 588 1591 635 ab
1611 588 1772 635 obses-

358 665 419 711 sis
439 702 451 725 ,
479 674 582 711 tum
607 681 662 711 ex
687 664 989 712 inclementia
1016 664 1153 725 coeli,
1180 675 1282 712 tum
1312 667 1455 713 etiam
1487 683 1541 712 ex
1572 666 1772 730 penuria

358 758 562 789 annonae
596 751 642 788 et
679 741 955 788 victualium
989 742 1266 806 exiguitate,
1311 743 1460 789 multa
1490 742 1773 790 detrimenta

357 829 637 884 acceperant
666 828 713 865 et
741 819 999 884 plurimum
1030 819 1259 866 attenuati
1284 829 1331 866 et
1360 819 1583 866 diminuti
1618 829 1768 876 erant,

356 912 454 943 non
495 906 765 961 exspectato
800 895 914 942 dicti
952 897 1179 961 principis
1222 913 1508 960 congressu,
1549 914 1575 944 e
1611 898 1773 944 castris

354 983 605 1020 moventes
641 983 686 1020 et
727 973 775 1019 in
816 974 1063 1020 Franciam
1111 983 1425 1034 revertentes,
1469 973 1771 1021 obsidionem

356 1051 600 1097 solverunt
639 1051 688 1097 in
728 1050 806 1097 die
845 1051 1101 1097 nativitatis
1141 1050 1267 1098 beati
1302 1052 1499 1098 Joaunis
1536 1051 1766 1117 Baptistae.

357 1129 501 1186 Quod
532 1138 583 1174 ut
607 1128 752 1174 tutius
777 1137 823 1174 et
845 1128 1058 1174 securius
1092 1128 1298 1175 facerent
1315 1166 1327 1189 ,
1353 1138 1616 1176 metuentes
1636 1145 1696 1175 ne
1721 1129 1768 1176 in

357 1221 439 1252 eos
464 1205 626 1252 hostes
649 1222 676 1252 a
699 1215 833 1268 tergo
860 1206 1125 1264 irruerent,
1153 1205 1369 1252 feruntur
1390 1222 1479 1271 pro
1502 1221 1668 1253 securo
1699 1222 1772 1253 re-

356 1300 489 1330 cessu
528 1283 746 1330 inducias
779 1283 942 1347 viginti
970 1293 1179 1346 quatuor
1212 1283 1442 1330 horarum
1473 1299 1502 1330 a
1525 1300 1632 1347 rege
1659 1286 1771 1330 Ara-

359 1376 539 1424 gonum
560 1361 745 1425 petiisse
766 1370 880 1406 tunc
901 1369 948 1407 et
969 1361 1202 1424 accepisse
1220 1362 1248 1406 ¹.

395 1483 398 1485 ,
423 1439 492 1483 lta
525 1437 610 1483 fuit
639 1453 718 1483 rex
744 1436 822 1483 ille
844 1446 1097 1483 veteranus
1121 1440 1391 1501 Aragonum
1415 1437 1657 1500 octoginta
1683 1452 1773 1483 an-

358 1530 448 1560 nos
464 1524 602 1560 natus
620 1523 667 1560 et
689 1514 891 1578 amplius
906 1551 917 1572 ‚
940 1530 1050 1560 cum
1070 1513 1190 1560 illud
1212 1515 1396 1579 insigne
1415 1514 1647 1580 oppidum
1667 1516 1774 1561 Per-

357 1590 607 1655 pinianum
643 1590 866 1655 periculis
892 1600 1034 1653 atque
1072 1591 1298 1654 angustiis
1335 1591 1472 1638 dictae
1509 1589 1774 1638 obsidionis

358 1667 686 1715 absolveretur
723 1677 771 1714 et
802 1667 1100 1714 liberaretur.
1142 1671 1487 1715 Remanserunt
1523 1677 1683 1722 tam-en
1722 1668 1770 1715 in

356 1761 463 1791 arce
485 1745 698 1808 ejusdem
731 1745 925 1810 oppidi,
958 1762 1101 1808 quam
1134 1746 1500 1793 munitissimam
1519 1746 1686 1792 Franci
1705 1745 1772 1792 ef-

357 1822 582 1884 fecerant,
609 1823 732 1887 regis
757 1826 1050 1869 Francorum
1073 1823 1289 1888 praesidia
1315 1822 1564 1869 nonnulla.
1594 1824 1772 1870 Contra

356 1915 500 1963 quarn
521 1916 702 1960 arcem,
729 1900 776 1945 in
799 1916 885 1945 suo
910 1899 1119 1964 oppido,
1147 1900 1240 1946 tale
1268 1898 1447 1946 vallum
1473 1914 1584 1945 cum
1610 1898 1768 1945 muni-

361 1977 531 2022 mentis
572 1986 620 2023 et
656 1976 1028 2041 propugnaculis
1066 1976 1350 2040 opportunis
1395 1976 1521 2022 cives
1555 1974 1649 2021 loci
1689 1991 1770 2021 ex-

358 2063 640 2114 struxerant,
671 2063 723 2099 ut
744 2070 794 2100 se
818 2062 946 2099 tutos
973 2052 1200 2099 adversus
1231 2053 1379 2116 ipsius
1403 2052 1523 2099 arcis
1543 2051 1770 2097 munitio-

357 2146 468 2177 nem
498 2131 571 2176 vel
610 2130 784 2177 auxilia
818 2145 923 2193 quae
961 2131 1026 2175 eis
1064 2129 1372 2193 supervenire
1406 2137 1634 2194 possent,
1670 2144 1770 2175 non

357 2206 516 2253 minus
540 2222 682 2269 quam
704 2207 742 2252 si
765 2222 846 2252 arx
871 2206 935 2252 ibi
958 2206 1089 2253 nulla
1113 2216 1258 2267 esset,
1284 2206 1627 2253 arbitrarentur
1640 2207 1668 2251 ².

423 2283 736 2330 Postmodum
754 2299 868 2330 vero
887 2319 899 2341 ‚
925 2300 1036 2330 cum
1056 2284 1182 2330 ultro
1204 2284 1421 2347 citroque
1441 2282 1657 2330 nonnulli
1681 2298 1768 2328 no-

412 2470 452 2507 1.
482 2469 551 2506 Cet
570 2468 769 2506 armistice
801 2468 859 2505 fut
889 2467 1025 2506 conclu
1054 2476 1163 2506 entre
1195 2468 1370 2521 Philippe
1396 2469 1444 2507 de
1466 2469 1604 2508 Savoie
1626 2477 1662 2507 et
1694 2468 1771 2506 don

355 2526 523 2565 Antoine
543 2526 591 2565 de
611 2527 775 2576 Prades,
799 2527 967 2580 agissant
988 2540 1038 2565 au
1064 2540 1155 2565 nom
1188 2527 1240 2566 du
1266 2529 1324 2566 roi
1349 2532 1471 2576 Juan3
1492 2529 1587 2567 mais
1617 2527 1773 2568 l'armee

358 2585 543 2636 francaise
561 2599 611 2624 ne
630 2586 751 2637 quitta
776 2600 843 2638 pas
869 2587 905 2625 le
932 2586 1167 2624 Roussillon.
1200 2587 1282 2626 Elle
1312 2601 1503 2654 guerroya
1525 2596 1654 2626 contre
1678 2587 1773 2625 l’ar-

359 2645 443 2682 mee
462 2646 687 2697 aragonaise
706 2645 772 2695 qui
792 2658 809 2683 s
811 2645 915 2683 ’etait
937 2645 1084 2683 divisee
1110 2654 1147 2683 et
1167 2647 1343 2698 occupait
1371 2647 1425 2684 les
1445 2648 1571 2699 places
1595 2646 1732 2685 situees
1750 2648 1774 2684 ὲ

358 2704 383 2740 l'
389 2705 519 2743 entree
540 2705 588 2743 de
606 2705 643 2742 la
664 2713 887 2756 montagne‚
910 2718 1061 2743 comme
1079 2707 1214 2757 Bages,
1231 2707 1364 2775 Palau,
1386 2707 1532 2745 01taffa
1549 2715 1587 2746 et
1600 2705 1769 2758 ArgeleS.

360 2763 537 2802 Relation
561 2764 595 2802 d’
600 2767 689 2802 Ant.
712 2767 864 2812 Passot‚
886 2764 912 2802 l.
935 2778 969 2803 e.

407 2824 447 2861 2.
483 2826 602 2861 Nulla
621 2837 699 2861 esse
716 2823 978 2871 arbitraretur,
1000 2823 1094 2862 dans
1113 2823 1149 2861 le
1168 2835 1237 2861 ms.
