2054 3470
383 296 459 333 188
747 296 1092 337 HISTORIARUM
1120 298 1358 336 LUDOVICI
1383 298 1440 336 XI

381 384 476 432 lem
505 401 590 450 per
618 386 870 432 Summum
898 384 1179 433 Pontificem
1197 386 1346 434 creari
1375 385 1586 449 fecerat¹‚
1608 397 1655 435 et
1669 387 1799 436 velut

381 462 686 513 fidissimum.
711 463 929 510 omnium
975 463 1251 510 mortalium
1292 464 1549 512 hominum
1591 466 1797 513 amicum

382 539 746 599 tunc‘habebat,
768 557 898 587 nunc
919 556 1033 587 vero
1054 541 1280 588 comitem
1301 542 1632 602 Sancti-Pauli,
1655 559 1798 607 quem

383 635 438 666 ex
460 618 673 684 partibus
708 618 842 665 ducis
875 618 1272 682 Burgundionum
1295 619 1357 667 ad
1380 637 1430 667 se
1454 620 1723 668 adtraxerat
1753 630 1800 668 et

382 696 791 744 constabularium
821 713 876 744 ac
904 713 1183 761 supremum
1213 697 1358 744 totius
1387 699 1519 762 regni
1552 697 1799 746 tribunum

383 774 588 820 militum
617 774 964 832 constituerat²‚
989 790 1119 820 nunc
1150 774 1268 822 alios
1302 785 1346 822 et
1378 775 1511 823 alios.
1539 780 1593 823 In
1627 775 1800 841 quibus

382 849 699 914 legationibus
729 851 883 898 missis
912 850 1028 897 hinc
1056 850 1170 897 inde
1203 861 1346 916 atque
1377 853 1606 910 remissis,
1642 853 1801 919 plures

383 927 485 974 dies
510 927 828 992 nonnullique
855 928 1063 974 menses³
1091 936 1203 974 sunt
1230 927 1419 990 detriti,
1453 945 1583 976 anno
1612 946 1802 995 sexage⁴

383 1020 505 1050 s1m0
530 1014 720 1052 octavo.

449 1083 571 1128 Cum
605 1098 719 1129 vero
748 1098 827 1128 rex
856 1097 942 1146 per
968 1080 1246 1144 hujusmodi
1272 1081 1534 1146 legationes
1565 1100 1653 1131 suo
1676 1083 1802 1131 desi-

384 1158 518 1205 derio
554 1175 655 1205 non
687 1158 901 1206 satisfieri
936 1159 1260 1223 conspiceret,
1293 1160 1451 1222 rogari
1487 1159 1596 1207 fecit
1630 1161 1802 1209 ducem

386 1236 783 1299 Burgundionum
808 1246 860 1283 ut
887 1235 1111 1282 veniendi
1135 1235 1196 1283 ad
1222 1253 1271 1282 se
1301 1235 1425 1301 apud
1460 1236 1642 1284 dictum
1664 1235 1804 1302 oppi-

385 1315 501 1362 dum
533 1319 793 1375 Peronam,
830 1332 943 1362 cum
970 1332 1056 1362 suo
1090 1315 1292 1380 simplici
1322 1325 1468 1376 statu,
1505 1316 1803 1365 securitatem

385 1402 642 1457 praestaret.
671 1391 836 1440 Aiebat
859 1393 988 1440 enim
1010 1394 1106 1457 (uti
1126 1393 1252 1440 fama
1275 1403 1392 1454 erat,
1415 1393 1742 1442 fraudulenter
1759 1405 1806 1444 et

385 1470 577 1534 dolose)
603 1470 796 1519 fratrem
819 1489 961 1518 suum
985 1481 1032 1518 et
1054 1471 1228 1518 ducem
1255 1472 1504 1518 Britonum
1527 1488 1692 1519 secum
1717 1490 1804 1538 pa-

385 1564 490 1594 cem
515 1548 672 1595 iniisse
700 1558 843 1613 atque
868 1548 1071 1607 habere,
1103 1564 1249 1613 quam
1275 1548 1491 1596 similiter
1514 1565 1806 1615 magnopere

385 1641 548 1672 secum
581 1625 759 1673 habere
797 1626 1071 1685 affectaret3
1104 1636 1150 1673 et
1183 1625 1278 1673 hoc
1310 1625 1440 1672 velut
1476 1629 1827 1691 stratagemate

386 1719 516 1764 usus,
533 1719 645 1750 cum
659 1713 819 1751 tamen
834 1703 894 1750 de
906 1720 1025 1768 pace
1039 1702 1290 1750 conciliata
1302 1719 1413 1749 cum
1427 1696 1564 1750 dictis
1577 1720 1805 1767 germano

386 1796 474 1826 suo
509 1790 557 1826 et
586 1781 710 1828 duce
744 1782 993 1829 Britanniae
1020 1781 1140 1827 nihil
1170 1781 1361 1845 penitus
1392 1782 1558 1839 esset*,
1589 1784 1806 1844 Burgun-

387 1856 591 1904 dionum
622 1858 798 1905 ducem
829 1858 997 1905 callide
1026 1857 1087 1905 ad
1118 1857 1248 1922 pacis
1279 1856 1456 1903 foedera
1485 1856 1690 1915 inflexit,
1724 1857 1807 1922 qui

387 1933 500 1981 alias
523 1934 586 1982 ad
607 1934 703 1982 hoc
726 1934 1039 1982 verisimiliter
1061 1934 1276 1981 animum
1298 1949 1396 1980 non
1421 1932 1715 1981 intendisset.

443 2083 480 2119 1.
511 2080 543 2118 Il
562 2080 620 2119 fut
638 2081 744 2120 sacre
762 2081 912 2132 eveque
929 2072 1125 2119 d'Evreux
1140 2079 1176 2118 le
1191 2082 1215 2117 4
1231 2081 1324 2118 aout
1342 2082 1464 2127 1465,
1478 2088 1516 2118 et
1528 2079 1617 2119 cree
1633 2080 1806 2120 cardinal

389 2153 437 2178 en
461 2142 580 2179 1467.

443 2203 482 2241 2.
513 2206 567 2242 Le
584 2201 644 2239 roi
662 2200 766 2239 avait
790 2200 904 2238 retire
928 2200 964 2238 le
987 2207 1112 2237 comte
1127 2198 1175 2237 de
1192 2198 1392 2238 Saint-Pol
1411 2198 1546 2238 d'avec
1563 2199 1600 2238 le
1618 2207 1744 2238 comte
1759 2198 1808 2238 de

389 2261 601 2307 Charolais,
618 2274 696 2298 non
716 2274 784 2312 pas
802 2273 850 2299 en
869 2260 906 2298 le
923 2260 1055 2298 creant
1076 2258 1517 2310 connetable,‚puisqu'il
1535 2259 1572 2297 le
1588 2258 1721 2297 devint
1738 2272 1809 2311 par

390 2321 427 2359 la
454 2334 594 2374 guerre
623 2319 676 2358 du
703 2320 797 2358 Bien
823 2319 954 2371 public
984 2328 1022 2358 et
1047 2321 1139 2357 n’en
1171 2319 1353 2357 continua
1386 2332 1453 2370 pas
1477 2318 1602 2356 moins
1626 2330 1696 2356 son
1720 2331 1809 2356 ser-

389 2380 474 2419 vice
504 2380 598 2418 dans
621 2379 659 2416 la
683 2379 832 2417 maison
856 2378 905 2417 de
929 2381 1182 2430 Bourgogne,
1207 2377 1303 2415 mais
1329 2390 1378 2415 en
1402 2377 1457 2415 lui
1485 2376 1623 2416 faisant
1643 2374 1810 2429 epouser

391 2452 439 2478 en
459 2441 561 2478 1466
583 2451 624 2477 sa
642 2437 884 2487 belle-soeur,
904 2437 1025 2476 Marie
1043 2437 1092 2476 de
1112 2436 1266 2478 Savoie.

445 2501 483 2537 3.
513 2498 621 2537 Lisez
645 2496 894 2535 hebdomades
917 2510 968 2535 au
988 2497 1066 2535 lieu
1093 2496 1142 2535 de
1171 2509 1327 2534 menses.
1353 2496 1423 2534 Ces
1448 2493 1564 2533 allees
1593 2502 1632 2533 et
1661 2506 1809 2533 venues

391 2558 574 2597 durerent
592 2556 755 2596 environ
772 2556 829 2595 six
847 2556 1050 2596 semaines.

445 2621 485 2658 4.
516 2617 616 2657 C’est
633 2616 670 2654 la
688 2616 726 2654 la
742 2615 898 2654 version
912 2615 980 2667 qui
998 2614 1146 2654 courait
1163 2614 1257 2654 dans
1274 2615 1330 2653 les
1352 2627 1445 2665 pays
1463 2613 1515 2652 du
1531 2613 1608 2652 duc
1626 2612 1675 2651 de
1688 2615 1810 2651 Bour-

392 2692 540 2732 gogne;
559 2677 654 2716 mais
666 2690 718 2715 on
735 2676 780 2715 lit
796 2685 880 2714 tout
897 2685 1006 2715 autre
1019 2676 1134 2715 chose
1151 2676 1246 2715 dans
1261 2676 1299 2714 la
1310 2675 1531 2727 Chronique
1545 2674 1808 2723 scandaleuse,

393 2740 416 2777 ὲ
435 2737 580 2786 savoir,
596 2750 673 2789 que
687 2736 724 2775 le
744 2735 818 2775 duc
837 2735 885 2774 de
904 2739 1109 2788 Bretagne‚
1132 2736 1279 2787 effraye
1298 2735 1346 2774 de
1361 2735 1448 2774 voir
1465 2748 1524 2773 ses
1539 2747 1634 2787 pays
1651 2732 1811 2773 envahis

395 2812 466 2851 par
491 2798 547 2836 les
563 2795 756 2847 FrancaiS,
776 2794 967 2834 demanda
986 2797 1007 2833 ἐι
1026 2794 1149 2833 traitex
1176 2794 1477 2848 conjointement
1497 2807 1594 2832 avec
1615 2793 1651 2832 le
1669 2792 1744 2830 duc
1761 2791 1810 2829 de
