2054 3470
746 280 892 316 LIBER
930 279 1174 326 QUARTUS.
1588 278 1664 315 343

257 370 544 418 Audernaci¹
580 367 840 416 collocatus
873 376 994 413 esset
1029 382 1174 431 supra
1213 367 1367 431 ripam
1397 366 1577 424 Rheni,
1609 383 1664 413 ex

256 446 478 512 opposito
502 444 678 492 obsessi
703 443 869 508 oppidi
893 444 1014 489 Linx
1032 445 1062 500 ³,
1100 443 1238 490 irruit
1267 443 1319 489 in
1340 459 1424 490 eos
1446 442 1666 507 quaedam
1708 444 1715 453 '

256 534 413 572 turma
434 523 650 588 equitum
669 519 1090 585 Burgundionum,
1122 520 1204 584 qui
1230 520 1417 567 circiter
1437 519 1669 566 ducentos

256 617 312 648 ex
328 601 442 666 ipsis
460 598 763 656 occiderunt3
788 596 914 644 unde
933 596 1088 644 luctus
1108 613 1308 660 magnus
1329 606 1377 644 et
1395 596 1598 660 ejulatus
1619 597 1669 643 in

260 677 539 725 Andernaco
562 675 665 723 fuit.

325 755 471 799 Porro
497 750 780 798 adveniente
815 758 1088 812 treugarum
1124 747 1220 796 fine
1256 765 1379 814 quae,
1416 749 1485 796 uti
1506 747 1671 796 retuli-

259 846 389 888 mus,
420 827 586 876 ultima
618 827 696 874 die
725 827 886 892 aprilis
915 827 1028 874 anni
1067 844 1404 875 M.cccc.1,xxv.
1438 825 1674 874 finieban-

259 917 352 966 tur,
371 921 615 970 aggressus
630 915 700 952 est
714 908 1006 952 Francorum
1029 921 1108 951 rex
1130 921 1241 952 cum
1258 921 1429 968 magna
1451 913 1499 951 et
1518 903 1676 951 valida

258 1001 404 1032 manu
434 983 632 1031 diversis
656 1000 712 1030 ex
737 982 951 1049 partibus
981 983 1240 1039 incursare,
1265 982 1483 1045 subigere
1505 992 1552 1029 et
1570 999 1675 1030 vas-

258 1072 357 1110 tare
378 1071 527 1110 terras
550 1061 686 1108 ducis
708 1061 1007 1124 Burgundiae.
1035 1064 1094 1107 Et
1108 1077 1220 1107 cum
1241 1061 1330 1125 ipsi
1349 1060 1461 1107 duci
1476 1070 1675 1125 perante

259 1138 512 1188 foederatus
542 1139 789 1186 exstitisset
822 1138 918 1186 dux
950 1138 1281 1201 Lotharingiae,
1319 1137 1442 1184 filius
1473 1138 1673 1194 Ferrici,

258 1217 446 1264 comitis
467 1217 528 1265 de
562 1216 926 1276 Vaudesmons⁸,
969 1217 1108 1281 eique
1136 1215 1446 1280 jurisjurandi
1481 1216 1673 1264 vinculo

261 1295 372 1341 satis
402 1303 530 1341 arcte
551 1294 872 1353 constrictus‘‚
909 1292 1185 1341 sollicitatus
1207 1310 1294 1358 per
1313 1310 1491 1358 regem,
1517 1294 1675 1341 statim

262 1381 404 1437 rupto
421 1371 615 1429 foedere,
638 1372 782 1420 veluti
802 1371 862 1419 de
875 1380 998 1418 statu
1023 1371 1158 1418 ducis
1184 1371 1464 1435 Burgundiae
1482 1389 1676 1437 prorsus

263 1447 535 1513 desperans,
569 1457 615 1495 et
638 1457 866 1511 tanquam
892 1447 1184 1511 impossibile
1213 1448 1486 1495 existimans
1517 1448 1675 1513 ipsum

264 1531 331 1568 tot
360 1521 593 1583 hostium,
630 1532 748 1586 quot
773 1532 877 1568 tum
910 1521 1000 1568 sibi
1032 1521 1369 1582 imminebant,
1397 1539 1423 1569 e
1454 1522 1677 1570 manibus

263 1598 386 1646 elabi
407 1615 548 1664 posse
564 1635 576 1659 ‚
602 1615 713 1646 cum
732 1608 858 1646 certa
882 1608 1015 1663 parte
1040 1599 1289 1664 copiarum
1308 1599 1430 1661 regis
1450 1599 1676 1647 invadere

263 1678 406 1742 coepit
446 1687 621 1725 terram
649 1676 1142 1740 Luxemburgcnsem‚
1180 1678 1289 1740 igne
1320 1687 1368 1724 et
1388 1677 1514 1724 ferro
1548 1694 1677 1724 non-

264 1754 418 1802 nullas
439 1754 573 1802 villas
596 1764 642 1802 et
665 1754 856 1802 castella
877 1755 1026 1820 ipsius
1048 1754 1331 1819 populatus,
1359 1770 1470 1801 cum
1496 1754 1545 1800 in
1575 1755 1678 1819 ipsa

265 1843 390 1882 terra
404 1834 535 1881 nulla
550 1833 766 1898 praesidia
788 1834 991 1880 militum
1009 1833 1402 1897 Burgundionum
1417 1833 1516 1880 dux
1530 1833 1678 1880 collo·

264 1921 443 1972 casset,
482 1911 565 1959 sed
595 1911 931 1974 undecumque
966 1910 1215 1975 quomodo
1240 1920 1493 1975 potuerat,
1531 1910 1593 1957 ad
1629 1927 1680 1958 se

265 1989 586 2036 contraxisset.
626 1989 764 2036 Unde
796 1989 933 2036 facile
964 1998 1063 2035 erat
1096 1989 1185 2053 ipsi
1218 1988 1329 2035 duci
1365 1987 1679 2050 Lotharingiae

266 2074 409 2128 atque
426 2066 632 2126 Francis,
657 2067 740 2130 qui
762 2083 813 2113 se
836 2065 927 2113 sibi
948 2067 998 2113 in
1019 2083 1170 2112 unum
1185 2066 1549 2129 conjunxerant,
1563 2065 1611 2111 in
1624 2080 1678 2111 ea

268 2153 417 2208 parte,
444 2143 526 2190 ubi
558 2143 715 2190 nullus
749 2143 811 2190 ad
845 2143 1162 2190 resistendum
1185 2142 1354 2206 obvius
1377 2141 1676 2200 occurrebat,

267 2237 355 2286 pro
380 2221 517 2268 libito
546 2237 703 2283 agere.
739 2223 794 2267 Et
817 2227 943 2268 certe
959 2220 1152 2285 plurimi
1170 2219 1391 2267 admirati
1415 2229 1542 2279 sunt,
1569 2236 1678 2266 cum

266 2308 395 2346 tanta
418 2298 507 2345 sibi
532 2297 813 2362 subjiciendi
839 2307 1011 2344 terram
1035 2296 1191 2357 illam,
1228 2296 1559 2344 defensoribus
1590 2313 1679 2342 nu-

322 2416 360 2451 1.
390 2414 634 2454 Andemach.

322 2475 360 2510 2.
390 2473 482 2512 Linz
498 2482 555 2512 est
572 2486 619 2512 en
638 2473 731 2512 effet
748 2487 815 2512 sur
833 2473 869 2511 la
886 2473 969 2511 rive
988 2471 1111 2511 droite
1130 2471 1182 2509 du
1201 2471 1319 2510 Rhin.

324 2534 361 2571 3.
390 2534 512 2580 Rene,
533 2533 592 2572 fils
610 2534 659 2572 de
678 2536 797 2586 Ferry
813 2534 861 2573 de
875 2533 1130 2580 Vaudemont,
1150 2532 1290 2583 appele
1305 2534 1327 2570 a
1346 2531 1383 2569 la
1398 2530 1617 2569 succession
1634 2529 1682 2566 de

268 2590 475 2638 Lorrzfine,
495 2604 544 2629 en
566 2593 685 2640 1473,
708 2593 820 2644 apres
837 2592 876 2630 la
897 2601 996 2631 mort
1018 2591 1065 2630 de
1084 2592 1255 2640 Nicolas,
1276 2605 1345 2630 son
1363 2591 1512 2630 cousin.

324 2652 363 2688 4.
393 2649 425 2688 Il
444 2645 566 2688 s'etait
582 2652 749 2703 engage‚
770 2652 825 2690 lui
844 2661 881 2690 et
903 2647 1007 2690 toute
1026 2652 1063 2690 la
1085 2651 1263 2690 noblesse
1281 2651 1330 2689 de
1353 2662 1420 2688 son
1445 2648 1591 2695 «tache,
1612 2659 1683 2698 par
1710 2684 1713 2686 .

270 2707 400 2747 lettres
424 2722 472 2747 en
498 2709 584 2748 date
606 2709 658 2748 du
686 2712 734 2748 18
757 2723 850 2749 nov.
872 2713 989 2750 1473.
1011 2714 1058 2750 D.
1078 2710 1283 2757 Plancher,
1307 2711 1470 2747 Histoire
1491 2709 1539 2744 de
1558 2709 1679 2743 Bour-

270 2782 405 2819 gogne,
425 2776 451 2806 t.
474 2771 540 2817 IV,
559 2780 746 2825 ρτευνφ,
761 2770 836 2808 col.
860 2772 951 2809 347.
