2054 3470
367 348 443 384 296
736 348 1078 385 HISTORIARUM
1102 349 1336 387 LUDOVICI
1363 351 1419 387 XI

365 451 470 499 quae
508 444 636 499 gesta
677 435 927 483 constabat
962 436 1156 484 eosdem
1203 454 1365 485 coram
1409 438 1769 504 archiepiscopo

365 513 701 576 Burdegalensi
722 530 805 560 seu
826 514 926 577 ejus
947 514 1144 573 vicarie,
1168 525 1213 562 et
1241 516 1520 579 inquisitore
1543 516 1772 564 haereticae

363 591 622 655 pravitatis,
647 590 862 655 pluribus
893 590 1201 655 praesentibus
1231 592 1566 657 spectabilibus
1596 602 1642 641 et
1674 594 1770 640 cla-

362 669 558 715 rissimis
588 668 718 726 viris,
753 668 901 714 divini
924 678 972 714 et
1005 668 1205 715 humani
1223 669 1342 733 juris
1365 671 1544 735 peritis,
1575 670 1771 735 aliisque

362 746 602 811 plurimis,
645 745 839 792 eosdem
873 755 1042 810 sponte
1081 746 1129 792 in
1154 746 1261 809 jure
1299 747 1490 811 publice
1527 747 1772 795 confessos

362 823 517 888 quod,
545 839 570 869 a
594 839 702 886 rege
734 821 960 869 conducti
989 831 1035 869 et
1065 822 1127 869 ab
1154 840 1212 870 eo
1242 824 1521 871 muneribus
1545 825 1773 890 susceptis

362 899 700 966 promissisque
723 898 925 962 pellecti,
949 898 1174 946 adhibitis
1192 900 1591 948 incantationibus
1610 911 1657 948 et
1674 917 1774 949 ma-

362 978 507 1026 leficis
530 977 816 1042 quibusdam
849 976 1046 1035 artibus,
1081 994 1319 1024 venenum
1351 978 1506 1026 eidem
1535 979 1663 1040 duci,
1690 979 1772 1026 do·

364 1058 496 1104 mino
519 1073 625 1115 suo,
648 1054 861 1119 ejusdem
878 1055 999 1118 regis
1019 1071 1247 1117 germano
1270 1058 1433 1116 unico,
1453 1057 1775 1121 porrexissent

364 1144 410 1181 et
444 1132 748 1180 tradidissent
776 1149 786 1177 τ
814 1131 943 1178 unde
978 1131 1153 1190 morbi,
1182 1149 1325 1195 quem
1350 1132 1501 1180 fuerat
1518 1149 1699 1198 passus,
1728 1143 1774 1180 et

363 1210 479 1258 lethi
501 1207 860 1255 irremediabilis
882 1223 1023 1254 causa
1041 1208 1352 1272 provenisset.

430 1286 750 1335 Continebant
788 1285 930 1331 etiam
963 1284 1174 1348 ejusdem
1215 1285 1350 1332 ducis
1388 1285 1638 1332 Britanniae
1678 1285 1776 1350 epi-

366 1366 495 1413 stolae
531 1363 681 1428 quod,
716 1379 827 1409 cum
866 1362 1098 1408 exstincto
1133 1372 1180 1408 et
1218 1371 1411 1408 mortuo
1449 1361 1619 1409 eodem
1658 1362 1778 1409 duce

369 1442 651 1506 Aquitaniae,
693 1439 838 1486 iidem
861 1438 1060 1485 venefici
1095 1448 1237 1503 atque
1274 1438 1474 1486 malefici
1510 1455 1568 1486 ex
1607 1438 1781 1486 Burde-

367 1520 469 1584 gala
493 1518 553 1565 ad
576 1535 643 1578 se,
671 1534 757 1582 per
780 1532 910 1563 mare
940 1515 1132 1562 adducti
1160 1515 1373 1572 fuissent,
1399 1517 1568 1562 iterato
1590 1515 1782 1581 publice

369 1596 587 1644 eamdem
623 1595 973 1642 confessionem
1009 1610 1145 1640 suam
1189 1594 1237 1639 in
1277 1594 1430 1658 patria
1465 1610 1579 1652 sua,
1618 1609 1780 1641 coram

368 1674 584 1740 plurimis
622 1672 806 1735 magnis
836 1681 883 1718 et
915 1671 1010 1718 fide
1036 1671 1190 1734 dignis
1228 1671 1368 1729 viris,
1395 1671 1537 1718 nullis
1559 1671 1782 1719 adhibitis

370 1750 636 1807 tormentis,
658 1750 904 1796 iterassent
921 1759 968 1795 et
981 1764 1143 1795 veram
1161 1764 1260 1794 esse
1279 1747 1680 1795 confirmassent¹.

435 1831 602 1876 Misera
625 1827 901 1874 mortalium
924 1826 1179 1872 hominum
1201 1825 1433 1886 conditio,
1450 1842 1572 1872 caeca
1586 1825 1783 1872 etstulta
1823 1874 1826 1875 a

372 1907 573 1954 nimium
591 1904 790 1952 ambitio
810 1913 858 1950 et
878 1903 1112 1968 cupiditas
1130 1900 1436 1949 dominandi!
1466 1919 1571 1966 quae
1596 1911 1782 1949 tantum

373 1984 433 2033 ad
471 1981 909 2040 obtenebrandum,
944 1981 1042 2026 imo
1078 1991 1125 2025 et
1148 1978 1544 2042 exstinguendum
1566 1978 1783 2026 divinum

372 2061 489 2107 illud
510 2059 706 2106 rationis
738 2058 919 2115 lumen,
952 2073 1049 2120 quo
1085 2055 1202 2102 nihil
1235 2055 1405 2102 melius
1438 2055 1500 2102 ab
1528 2056 1783 2104 immortali

427 2190 445 2225 1
456 2216 465 2224 .
481 2186 512 2224 11
524 2193 581 2224 est
591 2184 681 2222 bien
696 2182 850 2221 difficile
859 2182 907 2220 de
923 2181 1047 2219 croire
1058 2194 1134 2232 que
1145 2181 1199 2219 les
1212 2194 1339 2219 aveux
1353 2181 1401 2220 de
1415 2182 1602 2222 Jourdain
1611 2185 1736 2223 Fam-e
1747 2193 1786 2224 et
1823 2230 1826 2233 ,

372 2248 420 2286 de
442 2244 563 2285 Henri
583 2243 630 2281 de
647 2246 703 2281 La
722 2242 852 2280 Roche
870 2241 972 2279 aient
990 2241 1048 2278 ete
1069 2241 1100 2278 si
1121 2241 1305 2292 complets
1317 2272 1327 2290 ‚
1342 2241 1547 2292 puisqu'on
1562 2255 1612 2280 ne
1631 2251 1700 2294 put
1718 2257 1785 2295 pas

372 2320 421 2346 en
440 2305 534 2343 faire
553 2303 668 2341 sortir
685 2314 761 2340 une
778 2300 1074 2338 condamnation
1092 2299 1133 2337 ni
1155 2302 1280 2338 meme
1302 2314 1354 2338 un
1375 2302 1509 2351 proces
1526 2314 1573 2339 en
1590 2301 1710 2353 regle.
1733 2305 1786 2341 Le

373 2367 447 2404 duc
467 2364 515 2402 de
535 2362 711 2401 Guienne
736 2361 794 2398 sut
817 2360 876 2397 six
894 2359 991 2396 mois
1009 2358 1159 2396 malade
1176 2372 1263 2397 sans
1281 2362 1398 2410 qu’on
1416 2361 1573 2411 songeat
1591 2361 1610 2397 a
1631 2374 1787 2399 accuser

370 2428 406 2463 le
421 2424 494 2472 roi,
508 2423 704 2473 lorsqu'on
722 2418 917 2458 cherchait
932 2431 1003 2469 par
1018 2426 1104 2456 tous
1121 2418 1175 2456 les
1193 2432 1351 2469 moyens
1364 2419 1548 2470 possibles
1562 2421 1584 2458 a
1600 2420 1636 2458 le
1652 2429 1786 2460 mettre

371 2487 466 2523 dans
485 2496 538 2520 un
556 2479 729 2519 mauvais
748 2492 825 2517 cas.
842 2478 873 2515 Il
894 2478 1035 2515 re'sulte
1052 2477 1100 2515 de
1120 2477 1309 2528 plusieurs
1328 2478 1455 2529 pieces
1472 2479 1691 2529 imprimees
1710 2482 1730 2517 31
1750 2480 1787 2518 la

371 2544 471 2582 suite
501 2541 553 2579 du
572 2539 787 2579 commines
815 2537 862 2577 de
888 2537 1048 2590 Lenglet
1068 2538 1286 2589 Dufresnoy
1312 2542 1363 2587 (t.
1395 2539 1472 2587 III',
1498 2553 1535 2590 p.
1569 2541 1690 2590 279),
1711 2553 1786 2592 que

371 2601 488 2641 Louis
506 2603 562 2638 XI
583 2600 625 2637 fit
643 2599 691 2636 de
709 2599 817 2636 vives
837 2596 1059 2635 de'marches
1082 2597 1221 2648 aupres
1246 2597 1297 2634 du
1319 2597 1393 2635 duc
1412 2598 1459 2636 de
1480 2601 1668 2649 Bretagne
1688 2613 1787 2651 pour

369 2675 445 2714 que
463 2661 519 2699 les
539 2659 730 2711 prevenus
751 2658 895 2696 fussent
909 2657 1019 2708 juges
1032 2658 1053 2694 a
1067 2659 1208 2694 Nautes
1227 2669 1299 2707 par
1310 2657 1579 2707 l’archeveque
1591 2657 1638 2696 de
1647 2661 1783 2700 Toni-s,

368 2721 500 2761 assiste
528 2719 576 2757 de
601 2717 880 2767 commissaires
899 2729 947 2753 au
964 2715 1080 2754 choix
1097 2714 1149 2753 du
1169 2714 1256 2753 duc.
1282 2715 1327 2753 Ni
1350 2725 1447 2754 cette
1466 2715 1563 2755 offre
1577 2730 1628 2755 ne
1647 2717 1706 2756 fut
1723 2731 1783 2756 ac-

368 2767 514 2834 ceptee,
533 2780 574 2819 ni
591 2779 628 2817 le
639 2779 839 2830 jugement
854 2779 962 2814 n'eut
979 2776 1077 2821 lieu;
1097 2788 1147 2813 on
1163 2775 1275 2814 laissa
1296 2777 1443 2814 mourir
1458 2776 1643 2814 Jourdain
1661 2779 1782 2815 Faure

370 2855 417 2879 en
440 2841 591 2894 prison3
614 2852 664 2877 on
682 2851 731 2876 ne
749 2837 820 2876 sait
838 2849 905 2887 pas
924 2850 968 2875 ce
982 2849 1058 2886 que
1076 2835 1214 2873 l'autre
1235 2835 1382 2874 devint.
