2054 3470
716 343 863 381 LIBER
902 341 1171 401 SECUNDUS.
1575 342 1648 379 201

243 453 324 488 rex
346 434 520 483 scilicet
543 442 682 496 atque
704 431 824 492 dux,
849 430 1186 495 perstitissent,
1212 431 1514 495 eruptionem
1536 447 1654 479 noc·

244 523 433 561 turnam
455 511 536 576 qui
558 509 683 556 intus
706 517 860 568 erant,
889 524 1064 572 magno
1088 507 1199 555 satis
1223 507 1387 554 animo
1411 507 1657 572 prudenti-

245 606 338 655 que
360 587 580 646 consilio,
605 585 820 649 cogitare·
839 595 981 649 atque
1004 585 1195 650 aggredi
1217 586 1470 636 ausixsunt.
1498 587 1654 643 Quam

246 667 458 734 profecto
496 666 536 712 si
572 674 668 711 tam
702 663 969 723 efficaciter,
1008 664 1077 710 uti
1107 673 1338 728 concepta
1371 673 1418 710 et
1453 663 1577 710 inter
1606 680 1657 711 se

247 743 464 792 condicta
482 742 650 803 fuerat,
671 742 959 788 exsecutioni
977 741 1268 789 demandare
1293 751 1658 802 curassent,eos

246 837 276 869 a
306 829 434 868 metu
468 835 565 883 quo
595 817 952 884 premebantur,
984 827 1031 864 et
1059 819 1202 865 minis
1234 828 1331 865 tam
1362 819 1486 881 regis
1513 834 1657 882 quam

248 895 639 962 Burgundionum
659 895 810 957 ducis,
836 912 1029 943 securos
1045 895 1246 943 reddere
1265 896 1511 961 potuisset.
1539 899 1661 943 Con-

247 975 462 1023 dixerant
481 974 610 1025 enim
633 974 757 1020 inter
779 990 828 1020 se
844 973 1030 1020 circiter
1054 983 1262 1038 quatuor
1283 974 1431 1021 millia
1444 974 1659 1021 virorum

246 1069 302 1100 ex
318 1051 517 1112 civibus,
541 1052 588 1098 in
606 1050 815 1098 tenebris
832 1060 878 1098 et
892 1050 1059 1098 mediae
1076 1050 1263 1098 silentio
1279 1051 1449 1112 noctis,
1470 1067 1496 1098 e
1512 1051 1662 1115 portis

247 1139 294 1178 et
311 1129 438 1177 vallo
457 1129 658 1176 civitatis
679 1145 946 1194 erumpere,
967 1128 1052 1175 ubi
1070 1128 1225 1176 nullas
1243 1138 1324 1175 aut
1342 1145 1471 1175 raras
1491 1129 1663 1176 sentie-

246 1207 364 1256 bant
383 1207 596 1254 hostium
615 1206 853 1254 custodias
873 1223 996 1266 esse,
1023 1216 1070 1254 et
1091 1223 1176 1272 per
1193 1206 1357 1254 vineas
1375 1216 1421 1254 et
1443 1206 1662 1271 quaedam

248 1285 375 1332 invia
400 1285 511 1332 satis
539 1300 705 1349 aspera
733 1283 839 1331 loca
860 1283 949 1330 sibi
975 1294 1114 1341 nota,
1144 1283 1363 1331 hostibus
1385 1301 1501 1331 vero
1529 1284 1664 1331 inco-

251 1362 396 1426 gnita,
423 1361 485 1408 ad
506 1360 612 1408 loca
629 1377 780 1425 usque
797 1361 1185 1408 suburbanorum
1205 1370 1470 1427 penetrare,
1491 1362 1539 1407 in
1559 1361 1665 1425 qui·

250 1437 342 1486 bus
386 1454 544 1502 regem
578 1448 719 1503 atque
757 1438 931 1486 ducem
963 1438 1177 1486 sciebant
1207 1438 1484 1486 collocatos.
1522 1442 1580 1486 Et
1614 1439 1665 1486 id

252 1514 450 1579 quidem
486 1525 683 1578 egerunt
720 1532 777 1562 ex
814 1516 927 1580 ipsis
959 1516 1144 1563 circiter
1178 1515 1512 1580 quadringenti
1548 1516 1662 1578 viri,

254 1593 572 1644 existimantes
601 1593 663 1640 ad
691 1592 854 1640 locum
888 1609 986 1658 quo
1011 1592 1238 1658 hospitati
1274 1593 1388 1640 dicti
1427 1594 1668 1658 principes

254 1679 415 1730 erant,
447 1687 533 1735 per
560 1671 718 1718 varios
742 1671 898 1718 aditus
925 1681 1067 1735 atque
1091 1671 1262 1718 limites
1288 1670 1350 1718 ad
1376 1670 1571 1733 horam,
1598 1671 1669 1718 uti

254 1746 531 1795 condictum
570 1747 747 1809 fuerat,
783 1747 959 1795 debere
997 1758 1190 1796 caeteros
1226 1765 1530 1796 concurrere.
1575 1749 1670 1808 Qui

254 1824 486 1872 indicium
508 1826 733 1872 nocturni
754 1826 1085 1873 excubitorum
1106 1826 1240 1873 verbi
1264 1826 1462 1874 scientes
1488 1827 1671 1892 (ipsum

255 1902 384 1949 enim
413 1902 582 1949 callide
602 1919 689 1968 per
710 1912 864 1950 certos
892 1902 1217 1968 exploratores
1244 1903 1551 1968 didicerant),
1589 1904 1670 1952 illo

254 1978 435 2041 indicio
457 1979 623 2043 adjuti,
651 1981 936 2028 transmissis
961 1981 1207 2028 nocturnis
1229 1981 1475 2042 custodiis,
1501 1981 1562 2029 ad
1585 1981 1673 2029 do-

258 2073 363 2104 mos
382 2073 531 2122 usque
553 2058 675 2122 regis
696 2067 743 2105 et
764 2057 900 2104 ducis
922 2067 1250 2122 penetrarunt.
1278 2061 1331 2105 In
1356 2058 1531 2123 quibus
1552 2075 1672 2106 non-

258 2134 417 2182 nullos
445 2135 506 2182 de
533 2136 778 2200 utriusque
808 2135 1104 2202 principibus
1133 2136 1488 2184 excubitoribus
1520 2153 1673 2203 prope

261 2212 519 2274 coenacula,
544 2213 594 2258 in
617 2212 791 2277 quibus
814 2212 1127 2274 accubabant,
1155 2213 1452 2261 occiderunt.

329 2287 398 2335 Ad
426 2305 571 2353 quem
598 2289 857 2336 tumultum
885 2300 1210 2351 accurrentes,
1244 2292 1328 2355 qui
1355 2291 1537 2356 vigilias
1565 2307 1674 2355 age·

262 2364 396 2424 bant,
418 2366 478 2413 de
494 2366 799 2432 stipatoribus
816 2376 862 2414 et
885 2368 1100 2433 corporis
1121 2368 1419 2428 custodibus,
1439 2379 1538 2416 tam
1556 2369 1677 2431 regis

265 2458 410 2506 quam
422 2444 572 2504 ducis,
586 2446 714 2510 ipsos
725 2445 963 2510 principes
976 2461 1003 2492 a
1015 2445 1155 2492 caedis
1167 2446 1380 2511 periculo
1393 2446 1673 2493 liberarunt.

268 2521 391 2581 Qui,
423 2522 591 2586 procul
623 2522 772 2570 dubio
790 2560 803 2584 ,
832 2524 924 2570 nisi
956 2533 1141 2571 mature
1169 2524 1230 2571 ad
1261 2524 1510 2571 ferendum
1547 2523 1680 2570 auxi-

268 2597 385 2644 lium
407 2591 728 2659 advolassent,
754 2600 1065 2647 verisimiliter
1087 2602 1321 2666 perempti
1346 2601 1567 2661 fuissent3
1597 2599 1680 2646 sed

272 2690 382 2720 cum
406 2674 612 2723 clamore
634 2678 813 2739 ingenti
835 2679 996 2737 exciti,
1025 2679 1167 2725 armis
1192 2679 1286 2725 suis
1309 2678 1548 2735 instructi,
1576 2677 1682 2741 plu-

274 2751 381 2797 rimi
401 2750 746 2814 adventassent,
772 2771 938 2801 omnes
956 2755 1023 2801 illi
1042 2756 1247 2803 audaces
1267 2756 1518 2802 Eburones
1538 2754 1683 2800 ferme

276 2828 509 2892 perempti
549 2830 857 2894 exstinctique
904 2831 1048 2878 fuere.
1091 2835 1310 2889 Quorum
1349 2830 1597 2878 audaciam
1644 2829 1683 2875 si
