2054 3470
695 329 843 367 LIBER
879 328 1148 366 SECUNDUS.
1554 331 1572 367 1
1582 325 1630 368 99

220 435 399 487 eosque
419 418 731 469 acerbissimis
753 415 874 463 odiis
894 415 1258 462 insectarentur.
1281 415 1351 462 Ab
1368 413 1451 463 illo
1471 425 1631 464 tamen

222 516 339 548 ausu
365 498 588 560 sacrilego
613 509 714 541 sese
738 491 1326 557 temperaruntrquodam
1347 492 1526 540 vicario
1550 510 1634 541 seu
1654 542 1670 556 Q

222 568 460 640 sigillifero
475 572 687 639 episcopi
702 570 938 618 trucidato
949 573 978 629 ¹,
992 570 1219 635 episcopo
1235 580 1282 618 et
1295 570 1473 618 caeteris
1487 571 1632 618 vitam

222 660 475 701 servantes.
502 653 658 709 Quem
675 649 816 696 etiam
839 648 1120 713 episcopum
1143 647 1274 695 abire
1292 648 1629 713 permiserunt,

221 729 438 777 maximis
466 726 646 774 eisdem
681 724 988 772 sacramentis
1019 723 1296 772 devinctum
1310 761 1323 786 ,
1358 741 1554 772 omnem
1585 741 1636 773 se

221 807 442 855 daturum
475 820 672 870 operam
703 801 833 867 apud
853 802 1092 849 sororium
1124 805 1307 864 suum’,
1335 803 1635 867 Burgundio-

219 898 337 931 num
359 883 531 931 ducem
544 918 557 941 ‚
585 889 822 946 quatenus
850 880 1250 928 reconciliationis
1279 880 1476 944 gratiam
1502 880 1634 927 inve-

218 963 377 1010 nirent
396 961 527 1027 apud
550 976 677 1008 eum.

282 1041 433 1086 Porro
449 1054 562 1085 cum
578 1035 975 1101 Burgundionum
993 1034 1091 1082 dux
1103 1069 1115 1089 ,
1135 1035 1218 1099 qui
1243 1043 1346 1082 tum
1362 1050 1473 1081 cum
1489 1037 1637 1083 Fran·

217 1133 386 1164 corum
432 1132 544 1179 rege
592 1114 720 1180 apud
757 1117 992 1162 Peronam
1034 1112 1188 1160 foedus
1230 1121 1555 1178 percusserat,
1589 1122 1637 1160 et

216 1208 384 1258 pacem
415 1210 505 1259 pro
541 1202 658 1240 voto
694 1208 750 1240 ac
786 1191 1023 1239 desiderio
1060 1207 1149 1238 suo
1188 1189 1506 1249 obtinuerat⁸‚
1543 1191 1634 1238 tale

149 1307 155 1311 -
217 1271 433 1336 ipsorum
454 1270 718 1318 recidivum
742 1269 1025 1317 Eburonum
1051 1268 1316 1334 perjurium
1344 1277 1488 1332 atque
1510 1284 1635 1333 coep-

218 1357 323 1394 tum
347 1347 652 1395 intellexisset
679 1346 904 1411 (quibus,
933 1347 983 1394 in
1012 1347 1173 1411 priore
1203 1345 1381 1394 eisdem
1408 1361 1636 1394 concessa

219 1440 361 1488 pace,
387 1425 695 1472 incensurum
715 1440 766 1471 se
788 1425 934 1471 altera
954 1423 1080 1483 vice,
1108 1425 1306 1472 Dinanti
1327 1424 1492 1482 instar,
1519 1423 1635 1470 civi-

218 1510 366 1548 tatem
386 1517 539 1561 suam,
564 1502 603 1548 si
627 1502 862 1566 promissa
883 1511 998 1547 tunc
1020 1510 1069 1548 et
1090 1500 1179 1548 sibi
1199 1501 1355 1564 jurata
1378 1500 1478 1547 ullo
1503 1510 1636 1566 post-

218 1577 309 1625 hac
338 1577 417 1625 die
435 1577 794 1637 convellerent,
829 1588 1125 1625 sacramento
1156 1578 1421 1642 firmarat),
1465 1594 1637 1642 magna

218 1654 473 1702 adversum
506 1671 588 1702 eos
622 1655 953 1719 indignatione
986 1665 1260 1720 permotus,
1295 1655 1425 1703 illico
1465 1672 1634 1703 omnes

218 1733 404 1797 copias,
435 1749 554 1795 quas
575 1733 704 1797 apud
727 1735 961 1780 Peronam
984 1733 1226 1798 expeditas
1250 1726 1481 1793 habebat,
1507 1733 1634 1781 illico

218 1809 468 1856 contraxit.
507 1811 754 1866 Quocum⁴
802 1813 1096 1857 Francorum
1138 1826 1248 1870 rex,
1290 1809 1635 1858 benevolentiae

217 1901 329 1932 cum
352 1901 411 1932 eo
443 1885 705 1934 conciliatae
729 1885 963 1934 indicium
993 1886 1228 1952 singulare
1258 1896 1305 1934 et
1330 1887 1473 1935 veluti
1505 1887 1636 1952 pacis

271 2045 290 2081 1
301 2073 311 2082 .
339 2045 505 2094 Jacques
522 2043 572 2082 de
584 2043 802 2092 Mor-ialme,
819 2043 1058 2083 archidiacre
1073 2043 1122 2082 de
1137 2042 1284 2096 l'eglise
1300 2042 1349 2082 de
1364 2043 1497 2096 Liege,
1522 2061 1541 2080 α
1559 2045 1638 2084 fort

218 2102 326 2153 prive
345 2102 477 2141 dudict
504 2103 692 2154 evesque,
717 2103 773 2142 dit
797 2103 1039 2151 Commines,
1068 2117 1144 2155 que
1167 2103 1360 2156 plusieurs
1387 2103 1460 2142 fois
1481 2103 1637 2157 j'avoye

218 2173 296 2200 veu
316 2162 422 2201 amul²
443 2161 492 2200 de
513 2170 638 2201 tontes
659 2163 787 2215 pieces
811 2163 924 2215 apres
950 2176 1021 2202 son
1045 2163 1213 2202 maistre.
1239 2179 1259 2199 ι
1282 2165 1501 2213 Me'moires,
1525 2164 1553 2202 l.
1574 2167 1635 2215 11,

218 2233 254 2260 c.
276 2233 349 2260 vn.

273 2281 311 2319 2.
340 2283 437 2332 Voy.
460 2280 672 2328 ci-dessus,
693 2295 735 2333 p.
759 2283 852 2319 167.

274 2340 313 2380 3.
341 2341 559 2379 Commines
580 2341 774 2394 temoigne
796 2354 873 2393 que
893 2342 932 2380 la
953 2341 1137 2382 nouvelle
1160 2341 1209 2380 de
1227 2354 1290 2381 ces
1315 2342 1519 2383 desordres
1543 2357 1638 2397 par-

221 2396 304 2436 vint
325 2411 376 2438 au
398 2399 472 2438 duc
493 2400 541 2439 de
565 2403 797 2454 Bourgogne
820 2411 936 2441 avant
958 2402 996 2441 la
1020 2402 1242 2441 conclusion
1265 2402 1318 2441 du
1342 2403 1476 2454 traite,
1500 2413 1538 2443 et
1561 2418 1638 2456 que

220 2459 313 2495 c'est
334 2459 357 2496 a
379 2471 494 2498 cause
516 2460 565 2498 de
586 2461 669 2500 cela
693 2460 788 2512 qu'il
810 2462 852 2500 fit
874 2462 911 2500 le
935 2461 995 2500 roi
1016 2461 1234 2514 prisonnier
1258 2464 1281 2500 Ξι
1304 2462 1482 2502 Peronne
1505 2464 1553 2512 (l.
1576 2467 1614 2503 11
1628 2493 1640 2512 ,

221 2528 258 2555 c.
276 2518 367 2565 vn).
387 2520 442 2558 M.
462 2518 642 2559 Michelet
659 2534 682 2559 a
701 2521 873 2572 promte,
899 2521 1052 2573 d'apres
1076 2521 1114 2559 la
1128 2521 1285 2560 version
1305 2521 1358 2559 du
1376 2522 1452 2561 sire
1471 2522 1636 2562 d’Hum-

221 2573 422 2623 ben-court,
450 2579 647 2619 recueillie
676 2580 772 2619 dans
800 2581 995 2620 l'Histoire
1025 2581 1073 2620 de
1102 2581 1218 2633 Liege
1244 2581 1297 2620 du
1322 2582 1450 2620 moine
1468 2582 1638 2629 Adrien,

221 2637 404 2685 qu’avant
429 2638 555 2676 meme
579 2652 655 2690 que
678 2640 715 2679 le
741 2640 802 2679 roi
825 2642 950 2679 entrat
974 2641 1069 2680 dans
1091 2641 1284 2689 Perenne,
1302 2640 1339 2679 le
1358 2640 1434 2679 duc
1449 2641 1498 2680 de
1517 2645 1640 2680 Bour-

221 2706 346 2745 gogne
370 2693 608 2746 s’attendait‚
635 2698 687 2737 du
714 2699 799 2738 cote
829 2699 878 2739 de
902 2701 1041 2754 Liege2
1063 2702 1086 2739 ἐι
1114 2700 1198 2753 pire
1224 2702 1314 2752 qu'a
1339 2714 1383 2740 ce
1409 2701 1476 2753 qui
1495 2701 1639 2740 arriva.

222 2754 324 2792 Hist.
345 2754 394 2789 de
411 2756 574 2802 stam-e,
595 2766 622 2795 t.
642 2760 718 2806 VI,
738 2772 774 2798 c.
796 2772 851 2797 ιν.

276 2813 314 2848 4.
349 2813 419 2849 Cui
435 2825 516 2850 cum
536 2812 631 2853 dans
646 2815 685 2853 le
705 2829 776 2855 ms.
