2054 3470
723 373 870 409 LIBER
895 370 1168 410 SECUNDUS.
1578 370 1655 408 179

243 463 385 511 nibus
407 469 637 512 venerant
659 459 952 506 vestimentis
974 457 1160 516 amicti,
1187 455 1477 504 damasceno
1502 466 1549 504 et
1571 474 1654 505 ve-

241 541 343 588 luto
352 545 381 600 ¹,
407 539 483 589 vel
504 537 723 605 pretiosis
746 537 895 584 laneis
919 535 1091 602 pannis
1116 534 1258 600 (quos
1281 533 1652 599 Rothomagum‚

245 635 333 684 pro
355 617 531 666 caeteris
552 615 686 680 regni
709 613 930 676 urbibus,
954 613 1142 661 mittere
1170 612 1331 682 solet),
1362 612 1415 660 in
1444 611 1661 677 Angliam

245 706 354 744 sunt
373 694 565 744 reversi.

310 775 430 820 Cum
450 772 557 838 ipso
580 780 739 819 autem
761 770 936 818 comite
959 786 1045 836 per
1067 768 1244 816 multos
1267 767 1367 816 dies
1388 766 1558 815 habuit
1578 783 1662 816 rex

247 860 423 899 secreta
443 849 705 916 colloquia,
732 849 918 915 sibique
944 849 1204 915 plurimum
1229 846 1546 914 pollicebatur
1569 857 1663 895 ter·

247 944 408 977 rarum
426 944 482 976 ac
498 927 846 988 dominiorum,
863 927 919 989 si,
946 927 1043 974 suis
1065 942 1213 992 opera
1238 935 1285 974 et
1309 925 1482 974 auxilio
1504 926 1667 973 conci-

247 1005 360 1054 liato
382 1005 474 1054 sibi
494 1023 604 1071 rege
626 1022 684 1053 ac
707 1022 856 1069 regno
875 1004 1066 1069 Angliae‚
1083 1004 1245 1052 hostes
1263 1021 1375 1052 suos
1394 1005 1668 1071 opprimere

247 1093 389 1148 atque
408 1083 612 1149 dejicere
633 1083 709 1132 vel
732 1082 952 1147 subigere
969 1083 1215 1148 potuisset.
1238 1082 1382 1140 Quod
1401 1098 1451 1130 se
1467 1082 1669 1130 omnino

249 1159 486 1209 facturum
516 1161 645 1209 idem
676 1177 839 1210 comes
869 1159 1224 1226 despondebat,
1259 1169 1341 1207 aut
1371 1169 1521 1218 certe,
1555 1160 1595 1207 si
1624 1159 1672 1210 id

252 1238 450 1287 minime
468 1238 718 1287 Edoardus
734 1239 887 1286 facere
902 1237 1062 1297 vellet,
1088 1254 1155 1299 se,
1180 1254 1326 1303 quern
1346 1253 1506 1302 regem
1524 1254 1676 1286 creas·

251 1325 347 1377 set,
384 1333 533 1382 regno
566 1317 708 1365 etiam
748 1316 1060 1382 depulsurum
1093 1333 1148 1363 ac
1181 1314 1584 1378 deturbaturum,-
1613 1315 1677 1363 ita

255 1393 389 1458 quod
410 1395 535 1442 vires
558 1394 696 1459 regni
729 1394 923 1458 Angliae,
957 1403 1007 1441 ut
1028 1393 1127 1441 -sibi
1148 1393 1370 1442 adversas
1396 1403 1444 1441 et
1466 1394 1566 1441 suis
1586 1393 1678 1440 ini-

257 1470 392 1518 micis
429 1471 769 1538 opitulaturas‚
811 1488 892 1519 rex
930 1474 1223 1519 Francorum
1261 1470 1382 1519 nihil
1418 1470 1678 1520 formidare

257 1548 469 1597 deberet.

325 1630 385 1674 Ut
416 1637 575 1676 autem
608 1627 669 1675 ad
698 1627 845 1691 hu'jus
875 1639 973 1674 tam
998 1626 1308 1674 vehementer
1334 1642 1362 1674 a
1384 1629 1679 1674 Francorum

259 1721 370 1769 rege
391 1706 540 1771 optati
561 1715 608 1753 et
629 1705 874 1771 concupiti
899 1703 1087 1752 foederis
1112 1705 1443 1770 perveniretur
1466 1704 1678 1771 comple-

258 1793 498 1846 mentum,
525 1784 651 1831 misit
675 1783 803 1831 idem
826 1800 907 1831 rex
935 1800 1046 1830 cum
1069 1783 1264 1849 praeFato
1297 1783 1475 1832 comite
1507 1783 1558 1831 in
1584 1786 1680 1832 An-

257 1859 402 1926 gliam
427 1861 679 1909 dominum
703 1861 1059 1931 Antoniumde
1082 1862 1319 1926 Maugni’,
1359 1860 1679 1928 archiepisco-

257 1954 374 2003 pum
392 1937 769 1999 Narbonensem,
783 1948 831 1986 et
847 1938 1125 1986 Bastardum
1143 1938 1323 1986 dictum
1339 1938 1399 1987 de
1414 1939 1678 2003 Borbonio‚

261 2030 404 2079 quem
425 2014 570 2080 paulo
593 2024 702 2062 ante
728 2015 1026 2063 ammiralem
1051 2014 1265 2078 fecerat⁸,
1297 2033 1410 2063 cum
1434 2016 1681 2066 nonnullis
1725 2069 1733 2079 x

261 2091 562 2140 consiliariis‘
582 2092 632 2139 in
655 2091 910 2157 magnifico
934 2102 980 2140 et
1003 2092 1155 2140 nobili
1177 2103 1426 2159 apparatu.
1454 2094 1548 2153 Qui
1569 2110 1681 2142 cum

263 2168 555 2232 Londonias,
581 2168 667 2216 ubi
689 2187 773 2218 rex
797 2169 1059 2235 Anglorum
1085 2179 1202 2233 erat,
1229 2187 1328 2218 una
1350 2187 1461 2219 cum
1485 2171 1684 2238 praesato

314 2345 332 2381 1
344 2373 354 2381 .
384 2345 489 2384 Satin
507 2345 682 2384 damasse
703 2354 741 2384 et
758 2345 928 2384 velours.

316 2405 356 2442 2.
386 2405 673 2458 L‘archeveque
691 2405 739 2444 de
756 2404 966 2444 Narbonne
986 2403 1078 2444 &tait
1097 2404 1198 2444 alors
1216 2407 1383 2446 Antoine
1402 2407 1454 2446 du
1473 2409 1682 2448 Bec-Cres-

265 2460 351 2512 pin,
373 2463 467 2503 dans
493 2465 532 2504 la
554 2465 698 2504 famille
726 2464 870 2516 duquel
891 2464 982 2503 etait
1008 2464 1294 2505 effectivement
1314 2466 1352 2506 la
1380 2467 1600 2520 seigneurie
1632 2467 1682 2506 de

265 2521 422 2572 Mauny.
442 2524 539 2562 Mais
555 2537 600 2563 ce
617 2525 716 2563 n’est
731 2538 800 2577 pas
822 2524 877 2562 lui
896 2524 964 2575 qui
983 2524 1041 2562 fut
1057 2523 1200 2577 charge
1217 2525 1268 2564 de
1285 2525 1540 2566 l'ambassade
1557 2527 1681 2566 d’An-

266 2580 446 2632 gleterre.
466 2587 522 2623 La
539 2585 758 2637 Chronique
777 2585 1025 2624 scandaleuse
1042 2597 1200 2624 nomme
1215 2587 1238 2624 a
1250 2598 1292 2624 sa
1308 2586 1419 2638 place
1435 2587 1613 2639 l’eveque
1632 2585 1681 2624 de

266 2641 373 2678 Laon
385 2670 396 2689 ,
423 2644 519 2681 Jean
538 2643 586 2682 de
604 2645 815 2684 Gaucourt.
844 2648 1026 2683 L’erreur
1041 2643 1091 2682 de
1109 2643 1277 2685 Thomas
1293 2647 1409 2685 Basin
1425 2646 1522 2686 tient
1537 2645 1681 2698 proba-

266 2696 436 2739 blement
465 2703 488 2740 a
515 2716 559 2741 ce
590 2716 666 2755 que
700 2704 864 2743 Antoine
895 2704 950 2744 du
979 2705 1253 2759 Bec-Crespin
1281 2708 1387 2747 avait
1414 2707 1474 2746 ete
1498 2706 1682 2746 autrefois

267 2758 415 2811 (aveque
433 2761 482 2800 de
496 2766 616 2804 Laon.

326 2823 362 2859 3.
394 2823 452 2859 En
470 2822 547 2860 mai
563 2825 683 2871 1466,
702 2826 724 2862 ὲ
742 2824 780 2862 la
801 2833 903 2863 mort
920 2824 968 2863 de
985 2827 1083 2863 Jean
1101 2825 1150 2863 de
1166 2826 1418 2866 Montauban.

323 2884 361 2919 4.
391 2884 487 2920 Jean
505 2882 553 2921 de
574 2884 809 2935 Popincourt
826 2893 866 2923 et
879 2884 1027 2923 Olivier
1040 2885 1078 2923 le
1094 2887 1223 2924 Roux.
