2054 3470
405 341 482 378 416
768 340 1111 403 HIsTORIARUM
1135 340 1369 377 LUDOVICI
1395 340 1453 376 XI

405 428 548 476 italici
572 428 755 492 generis
778 436 908 474 certo
933 427 1138 474 militum
1158 444 1378 474 numero.
1404 428 1491 475 Hic
1512 427 1584 474 vir
1605 427 1815 492 prudens

403 517 450 554 et
484 507 552 553 rei
586 506 797 553 militaris
826 505 1158 570 peritissimus,
1195 516 1247 552 ut
1277 505 1646 552 obstinationem
1680 504 1815 573 ducis

401 583 797 648 Burgundionum
820 582 1040 647 pervidit,
1068 598 1157 628 nec
1177 581 1238 629 ab
1261 600 1315 630 ea
1339 582 1562 630 eumdem
1575 579 1719 647 posse
1741 582 1813 630 di-

402 662 601 723 moveri,
625 662 772 726 petita
791 670 837 707 et
858 670 1051 725 accepta
1070 659 1131 706 ab
1151 677 1209 707 eo
1225 661 1431 720 licentia,
1455 660 1515 707 ab
1532 660 1632 723 ejus
1652 661 1813 708 castris

401 750 447 787 et
484 741 712 788 comitatu
751 740 1069 794 discesserat¹,
1113 748 1160 784 et
1193 739 1254 785 ad
1293 739 1606 801 Lotharingiae
1639 738 1812 787 ducem

400 819 665 866 transierat.
692 817 801 878 Hic,
831 817 909 863 cui
931 816 1060 879 regio
1085 815 1208 862 bene
1230 816 1420 879 cognita
1442 825 1564 875 erat,
1592 815 1812 865 animad-

399 905 588 943 vertens
620 911 715 959 qua
749 903 882 958 parte
913 893 1225 940 verisimiliter
1261 892 1621 956 Burgundiones
1653 893 1812 958 praesi-

401 973 534 1020 dium
555 973 674 1035 fugae
698 988 906 1035 quaerere
934 979 1153 1035 possent,
1184 969 1330 1016 milite
1355 986 1443 1017 suo
1465 969 1603 1035 plura
1625 969 1810 1016 obsedit

400 1051 530 1108 loca,
571 1067 659 1114 per
697 1066 811 1114 quae
839 1047 1320 1111 effugiumrhostibus
1353 1057 1514 1113 patere
1550 1049 1806 1113 potuisset,

401 1127 673 1191 multosque
692 1126 787 1172 illic
808 1125 857 1172 in
881 1124 997 1173 locis
1020 1134 1162 1189 atque
1184 1124 1477 1175 districtibus
1505 1124 1701 1184 caecidit‚
1730 1123 1812 1173 ali-

399 1222 521 1270 quos
542 1205 685 1252 etiam
708 1203 920 1268 captivos
942 1203 1083 1267 cepit.

465 1269 585 1330 Cum
609 1292 768 1329 autem
792 1281 893 1344 ipse
919 1279 1314 1344 Burgundionum
1335 1279 1456 1340 dux,
1485 1278 1690 1339 malens,
1715 1295 1810 1344 prae

397 1360 545 1408 animi
585 1358 938 1423 magnitudine,
976 1375 1026 1404 se
1063 1358 1284 1405 extremis
1319 1357 1526 1421 objicere
1559 1356 1806 1423 periculis,

398 1454 560 1503 quam,
584 1438 665 1485 tali
681 1438 854 1484 iterum
871 1435 1005 1483 clade
1021 1445 1255 1501 suscepta,
1273 1436 1403 1500 turpi
1419 1435 1529 1498 suga
1544 1433 1810 1483 remedium

397 1526 646 1577 attentare,
669 1531 770 1562 sese
792 1515 842 1561 in
866 1513 1236 1561 Alemannorum
1261 1513 1476 1579 peditum
1497 1528 1705 1560 cuneum
1726 1512 1811 1558 im-

399 1593 674 1660 misi[sse]t‚
701 1610 764 1640 ne
795 1595 1167 1656 agnosceretur’,
1193 1609 1319 1656 equo
1349 1592 1428 1639 cui
1455 1590 1690 1639 insidebat
1725 1589 1809 1636 de·

395 1673 548 1736 jectus
567 1689 623 1720 ac
642 1671 859 1737 pluribus
883 1671 1128 1718 confossus
1150 1680 1196 1717 et
1213 1669 1496 1718 dilaceratus
1511 1666 1804 1727 vulneribuS‚

401 1751 585 1799 occisus
607 1752 713 1798 est‘⁰’.

459 1832 670 1878 Fuerunt
688 1829 738 1875 in
760 1844 819 1875 eo
836 1826 1059 1874 conflictu
1083 1826 1210 1892 capti
1230 1825 1291 1873 ab
1312 1825 1550 1890 aliquibus
1567 1823 1807 1871 nobilibus

396 1906 626 1954 militibus
651 1905 935 1953 Alemanniae
958 1904 1183 1951 dominus
1211 1903 1270 1950 de
1296 1907 1478 1952 Nassoe
1509 1912 1554 1950 et
1583 1901 1806 1948 dominus

396 1985 457 2032 de
492 1987 634 2048 Croy.
671 1984 906 2030 Dominus
941 1983 1084 2029 etiam
1121 1981 1372 2042 Antonius,
1409 1980 1551 2026 frater
1581 1977 1807 2030 naturalis

395 2063 575 2127 praefati
607 2062 1002 2126 Burgundionum
1032 2060 1189 2119 duciS,
1218 2058 1394 2107 ibidem
1425 2068 1590 2124 captus
1618 2057 1728 2118 suit,
1760 2066 1806 2103 et

395 2141 494 2204 regi
525 2143 820 2186 Francorum
849 2137 1087 2197 redditus3
1119 2137 1168 2182 in
1200 2136 1335 2200 cujus
1367 2146 1555 2202 partem
1582 2144 1630 2182 et
1659 2133 1805 2181 fidem

394 2226 612 2286 receptus
633 2231 662 2263 a
683 2231 791 2278 rege
815 2214 900 2260 fuit
914 2250 926 2274 ,
953 2223 999 2260 et
1023 2214 1264 2260 remansit.

448 2357 486 2396 1.
517 2357 661 2404 Quatre
683 2354 792 2402 jours
816 2361 933 2391 avant
960 2352 998 2390 la
1015 2350 1184 2398 bataille‚
1204 2349 1355 2402 d'apres
1380 2363 1456 2388 une
1483 2349 1645 2387 relation
1665 2347 1804 2400 impri-

395 2416 479 2454 mee
499 2413 623 2466 parmi
641 2413 696 2451 les
715 2413 832 2451 suites
858 2425 908 2450 au
930 2411 1147 2450 Commines
1171 2409 1219 2448 de
1242 2410 1404 2462 Lenglet
1420 2409 1654 2458 Dul'resnoy,
1672 2406 1701 2445 t.
1724 2410 1802 2454 111,

393 2489 432 2527 p.
459 2471 550 2512 493.

448 2535 486 2573 2.
519 2533 552 2572 Il
573 2530 718 2570 semble
737 2530 830 2581 qu’il
852 2542 1016 2580 manque
1032 2528 1198 2580 quelque
1217 2529 1331 2566 chose
1360 2529 1380 2565 ὲ
1401 2527 1438 2564 la
1460 2527 1598 2579 phrase
1617 2539 1716 2578 pour
1738 2538 1804 2563 ex-

397 2594 551 2647 pliquer
577 2598 770 2629 comment
798 2589 834 2627 le
862 2588 936 2626 duc
962 2588 1020 2639 s’y
1050 2589 1125 2639 prit
1151 2602 1251 2639 pour
1269 2589 1390 2625 n'etre
1414 2600 1481 2638 pas
1502 2599 1694 2634 reconnu,
1721 2598 1802 2631 car,

398 2653 568 2704 quoique
586 2651 641 2689 les
662 2647 885 2687 Allemands
903 2661 951 2685 ne
971 2647 1153 2685 l’eussent
1171 2646 1307 2695 jamais
1326 2659 1400 2693 vu,
1419 2647 1476 2685 les
1497 2658 1675 2697 marques
1695 2643 1742 2682 de
1761 2656 1803 2682 sa

400 2712 545 2764 dignite
564 2710 742 2749 devaient
763 2708 848 2746 leur
865 2702 973 2745 avoir
992 2706 1051 2743 ete
1068 2706 1268 2758 signalees.

449 2774 487 2811 3.
517 2774 572 2810 Le
589 2773 612 2809 5
629 2768 782 2820 janvier
801 2769 918 2806 1477.
