2054 3470
378 377 456 414 410
739 377 1078 415 HISTORIARUM
1105 379 1343 416 LUDOVICI
1370 380 1427 416 XI

377 480 464 528 per
485 463 836 528 Lotharingiam
861 465 911 512 in
937 466 1284 529 Burgundiam¹
1304 484 1456 531 usque
1469 503 1481 526 ,
1505 466 1697 516 obviam
1717 469 1784 528 ei,

376 551 710 607 penetrarunt,
743 559 844 589 non
874 543 975 591 sine
1005 545 1185 608 ingenti
1213 544 1503 592 discrimine.
1537 546 1790 595 Destinatae

377 620 519 667 etiam
536 619 626 666 sibi
644 620 773 666 suere
791 621 1034 668 nonnullae
1055 621 1271 686 peditum
1289 623 1455 687 copiae,
1476 639 1537 669 ex
1556 622 1722 670 otiosis
1741 633 1791 671 et

376 696 473 755 his,
497 697 581 761 qui
603 697 800 762 perditis
823 708 965 761 atque
986 699 1244 746 infamibus
1267 709 1402 746 erant
1425 699 1662 759 moribus,
1687 699 1788 747 col-

376 773 528 835 lectae,
551 775 685 822 dato²
704 776 771 822 eis
789 775 849 822 de
867 777 1072 841 pecunia
1093 776 1334 841 principis.
1359 779 1579 834 Quorum
1597 776 1791 842 plurimi

376 851 623 899 lenociniis
647 863 694 900 et
717 852 1025 901 ebrietatibus
1047 855 1240 914 assueti,
1267 871 1377 901 cum
1399 853 1636 919 stipendia
1658 854 1790 919 prin-

375 928 491 993 cipis
529 930 837 993 recepissent,
875 930 1187 977 nihilominus
1211 932 1260 977 in
1290 931 1539 995 provincia
1564 947 1789 978 remane-

376 1006 511 1068 bant,
535 1023 624 1054 nec
642 1007 705 1054 ad
723 1009 985 1055 exercitum
1003 1016 1051 1055 et
1071 1007 1290 1056 militiam
1308 1008 1375 1055 ire
1394 1006 1645 1067 curabant,
1664 1008 1791 1073 prio-

376 1083 507 1131 ribus
521 1085 830 1132 inservientes
846 1085 1081 1146 moribuS,
1099 1087 1149 1133 in
1165 1085 1338 1150 quibus
1350 1094 1544 1151 accepta
1558 1085 1791 1151 stipendia

377 1162 511 1210 facile
533 1163 900 1211 consumebant.

855 1391 1197 1437 CAPITULUM
1232 1393 1312 1437 XI.

466 1528 519 1561 De
534 1527 651 1562 reditu
666 1527 766 1562 ducis
781 1528 992 1576 Burgundiae
1013 1530 1050 1564 in
1065 1530 1347 1576 Lotharingiam,
1366 1537 1400 1564 et
1413 1528 1563 1576 qualiter
1577 1528 1705 1564 iterum

890 1582 1028 1618 obsedit
1054 1584 1277 1631 Nanceyum.

443 1701 566 1746 Cum
582 1709 741 1748 autem
758 1701 997 1766 princeps,
1013 1701 1114 1765 qui,
1130 1702 1200 1747 uti
1216 1700 1440 1762 diximus,
1456 1701 1507 1747 in
1523 1698 1796 1763 Burgundia

378 1787 495 1839 erat,
523 1778 852 1866 perlustrasset
872 1795 1006 1826 suam
1030 1779 1371 1843 Burgundiam,
1396 1795 1423 1826 a
1442 1779 1560 1843 qua'
1581 1787 1628 1825 et
1646 1777 1794 1825 dena·

377 1854 560 1902 riorum
577 1867 623 1904 et
641 1857 855 1904 virorum
871 1856 1212 1904 subventiones
1225 1867 1271 1904 et
1283 1857 1471 1904 servitia
1487 1863 1792 1921 poposcerat,

378 1942 425 1978 et
450 1934 887 1998 quantulacumque
910 1933 1193 1981 obtinuisset
1215 1944 1358 1998 atque
1380 1941 1696 1996 aggregasset,
1723 1930 1795 1977 vi-

379 2009 498 2057 dens
519 2028 594 2058 res
611 2027 721 2058 suas
741 2012 922 2075 ingenti
945 2011 1191 2074 subjacere
1207 2009 1440 2075 periculo,
1466 2009 1557 2055 nisi
1579 2007 1796 2073 pervium

380 2087 469 2134 sibi
503 2098 551 2134 et
582 2089 678 2135 suis
710 2106 794 2153 per
831 2088 1184 2151 Lotharingiam
1223 2086 1347 2152 [iter]
1383 2086 1557 2134 faceret
1589 2095 1638 2132 et
1670 2084 1796 2132 ferro

379 2165 598 2228 aperiret,
617 2167 796 2226 statuit,
816 2182 1091 2229 quanquam
1109 2166 1159 2213 id
1175 2165 1382 2212 arduum
1400 2174 1447 2212 et
1462 2163 1796 2212 difficillimum

379 2240 636 2299 videretur,
662 2258 769 2288 eam
790 2258 891 2288 rem
910 2243 1116 2306 aggredi.
1144 2245 1308 2306 Itaque
1326 2259 1383 2289 ex
1401 2239 1675 2305 Burgundia
1694 2255 1798 2286 mo-

380 2334 496 2364 vens
530 2335 641 2365 cum
672 2319 879 2366 Antonio
892 2356 904 2380 ,
939 2319 1079 2367 fratre
1115 2336 1203 2367 suo
1243 2319 1474 2377 naturali,
1503 2317 1679 2381 junctis
1705 2314 1797 2362 sibi

379 2397 594 2459 equitum
615 2397 786 2461 copiis,
814 2392 918 2460 quae
939 2414 995 2453 ex
1021 2396 1231 2462 partibus
1255 2395 1579 2443 inferioribus⁸
1600 2392 1664 2442 ad
1685 2408 1797 2440 eum

380 2474 718 2534 ascenderant,
762 2475 998 2538 ingressus
1036 2474 1421 2538 Lotharingiam,
1461 2472 1524 2520 ad
1563 2470 1796 2537 oppidum

434 2628 473 2663 1.
502 2627 558 2664 La
586 2624 703 2663 haute
730 2627 959 2676 Bourgogne
989 2638 1041 2662 ou
1070 2621 1559 2668 Franche-Comte‚ot11e
1578 2620 1654 2661 duc
1674 2620 1798 2659 s’etait

380 2685 494 2724 retirc
515 2686 628 2737 apres
644 2698 686 2723 sa
704 2684 844 2723 defaite
864 2685 912 2724 de
934 2689 1018 2724 Mor
1020 2693 1071 2724 at.

434 2747 475 2786 2.
506 2749 619 2783 Datis
637 2745 732 2784 dans
750 2746 787 2783 le
804 2759 877 2784 ms.

436 2807 474 2845 3.
506 2809 542 2843 A
559 2805 692 2857 quibus
709 2805 803 2844 dans
824 2805 859 2844 le
879 2818 954 2846 ms.

436 2867 476 2902 4.
507 2863 751 2903 C'est-a-dire
769 2863 818 2902 de
836 2863 874 2903 la
894 2863 1078 2913 Flandre,
1101 2864 1149 2902 de
1167 2863 1205 2902 la
1225 2861 1416 2902 Bollande
1435 2869 1474 2899 et
1490 2860 1544 2899 du
1559 2858 1740 2899 Btabaut.
