<?xml version="1.0" encoding="UTF-8"?>
<!DOCTYPE html PUBLIC "-//W3C//DTD XHTML 1.0 Transitional//EN"
    "http://www.w3.org/TR/xhtml1/DTD/xhtml1-transitional.dtd">
<html xmlns="http://www.w3.org/1999/xhtml" xml:lang="en" lang="en">
 <head>
  <title>
</title>
<meta http-equiv="Content-Type" content="text/html;charset=utf-8" />
  <meta name='ocr-system' content='tesseract 3.04.00' />
  <meta name='ocr-capabilities' content='ocr_page ocr_carea ocr_par ocr_line ocrx_word'/>
</head>
<body>
  <div class='ocr_page' id='page_1' title='image "./histoiredesrgn02basiuoft_0363.png"; bbox 0 0 2054 3470; ppageno 0'>
   <div class='ocr_carea' id='block_1_1' title="bbox 0 991 27 1747">
    <p class='ocr_par' dir='ltr' id='par_1_1' title="bbox 0 991 27 1747">
     <span class='ocr_line' id='line_1_1' title="bbox 0 991 27 1747; textangle 90"><span class='ocrx_word' id='word_1_1' title='bbox 0 1475 27 1747; x_wconf 45' lang='lat' dir='ltr'>9¹15ww.stj=&#39;</span> <span class='ocrx_word' id='word_1_2' title='bbox 0 1400 17 1446; x_wconf 41' lang='grc' dir='ltr'>τῖς-ν’</span> <span class='ocrx_word' id='word_1_3' title='bbox 9 1386 12 1391; x_wconf 85' lang='grc'><strong>.</strong></span> <span class='ocrx_word' id='word_1_4' title='bbox 0 1336 14 1375; x_wconf 54' lang='lat'>4¹¹⁴</span> <span class='ocrx_word' id='word_1_5' title='bbox 8 1312 13 1323; x_wconf 73' lang='lat'>.-</span> <span class='ocrx_word' id='word_1_6' title='bbox 8 1267 27 1274; x_wconf 54' lang='lat'>⁴.</span> <span class='ocrx_word' id='word_1_7' title='bbox 0 1099 19 1144; x_wconf 59' lang='lat'>³⁸3„</span> <span class='ocrx_word' id='word_1_8' title='bbox 2 991 3 994; x_wconf 62' lang='lat'><em>„</em></span> 
     </span>
    </p>
   </div>
   <div class='ocr_carea' id='block_1_2' title="bbox 755 324 1659 363">
    <p class='ocr_par' dir='ltr' id='par_1_2' title="bbox 755 324 1659 363">
     <span class='ocr_line' id='line_1_2' title="bbox 755 324 1659 363; baseline 0 -2"><span class='ocrx_word' id='word_1_9' title='bbox 755 326 901 361; x_wconf 84' lang='lat' dir='ltr'>LIBER</span> <span class='ocrx_word' id='word_1_10' title='bbox 927 324 1146 361; x_wconf 84' lang='lat' dir='ltr'><strong>TERTIUS.</strong></span> <span class='ocrx_word' id='word_1_11' title='bbox 1582 325 1659 363; x_wconf 78' lang='lat'>279</span> 
     </span>
    </p>
   </div>
   <div class='ocr_carea' id='block_1_3' title="bbox 251 410 1665 630">
    <p class='ocr_par' dir='ltr' id='par_1_3' title="bbox 251 410 1665 630">
     <span class='ocr_line' id='line_1_3' title="bbox 251 410 1664 478; baseline -0.003 -16"><span class='ocrx_word' id='word_1_12' title='bbox 251 429 501 478; x_wconf 79' lang='lat' dir='ltr'>germanus</span> <span class='ocrx_word' id='word_1_13' title='bbox 522 411 800 458; x_wconf 86' lang='lat' dir='ltr'>comitatum</span> <span class='ocrx_word' id='word_1_14' title='bbox 821 410 1054 468; x_wconf 85' lang='lat' dir='ltr'>Pictaviae‚</span> <span class='ocrx_word' id='word_1_15' title='bbox 1082 425 1193 456; x_wconf 89' lang='lat' dir='ltr'>cum</span> <span class='ocrx_word' id='word_1_16' title='bbox 1215 419 1339 456; x_wconf 84' lang='lat' dir='ltr'>terra</span> <span class='ocrx_word' id='word_1_17' title='bbox 1363 425 1507 474; x_wconf 85' lang='lat' dir='ltr'>quam</span> <span class='ocrx_word' id='word_1_18' title='bbox 1531 428 1664 460; x_wconf 85' lang='lat' dir='ltr'>acce·</span> 
     </span>
     <span class='ocr_line' id='line_1_4' title="bbox 253 486 1664 556; baseline -0.003 -18"><span class='ocrx_word' id='word_1_19' title='bbox 253 500 406 556; x_wconf 82' lang='lat' dir='ltr'>perat,</span> <span class='ocrx_word' id='word_1_20' title='bbox 433 503 681 552; x_wconf 86' lang='lat' dir='ltr'>nunquam</span> <span class='ocrx_word' id='word_1_21' title='bbox 714 486 985 546; x_wconf 85' lang='lat' dir='ltr'>habuisset,</span> <span class='ocrx_word' id='word_1_22' title='bbox 1010 487 1099 533; x_wconf 91' lang='lat' dir='ltr'>nisi</span> <span class='ocrx_word' id='word_1_23' title='bbox 1125 486 1386 551; x_wconf 87' lang='lat' dir='ltr'><strong>quemdam</strong></span> <span class='ocrx_word' id='word_1_24' title='bbox 1410 488 1664 535; x_wconf 87' lang='lat' dir='ltr'>dominum</span> 
     </span>
     <span class='ocr_line' id='line_1_5' title="bbox 251 564 1665 630; baseline -0.002 -15"><span class='ocrx_word' id='word_1_25' title='bbox 251 568 312 615; x_wconf 92' lang='lat' dir='ltr'>de</span> <span class='ocrx_word' id='word_1_26' title='bbox 346 569 547 622; x_wconf 75' lang='lat' dir='ltr'>Cotton,</span> <span class='ocrx_word' id='word_1_27' title='bbox 581 564 709 630; x_wconf 83' lang='lat' dir='ltr'>apud</span> <span class='ocrx_word' id='word_1_28' title='bbox 744 564 971 612; x_wconf 86' lang='lat' dir='ltr'>eumdem</span> <span class='ocrx_word' id='word_1_29' title='bbox 1005 581 1147 611; x_wconf 91' lang='lat' dir='ltr'>suum</span> <span class='ocrx_word' id='word_1_30' title='bbox 1181 580 1462 627; x_wconf 86' lang='lat' dir='ltr'>germanum</span> <span class='ocrx_word' id='word_1_31' title='bbox 1496 566 1665 628; x_wconf 85' lang='lat' dir='ltr'>praeci-</span> 
     </span>
    </p>
   </div>
   <div class='ocr_carea' id='block_1_4' title="bbox 183 642 1665 710">
    <p class='ocr_par' dir='ltr' id='par_1_4' title="bbox 183 642 1665 710">
     <span class='ocr_line' id='line_1_6' title="bbox 183 642 1665 710; baseline -0.003 -18"><span class='ocrx_word' id='word_1_32' title='bbox 183 643 187 645; x_wconf 54' lang='grc'><strong>’</strong></span> <span class='ocrx_word' id='word_1_33' title='bbox 250 658 418 710; x_wconf 82' lang='lat' dir='ltr'>puum,</span> <span class='ocrx_word' id='word_1_34' title='bbox 437 659 622 690; x_wconf 87' lang='lat' dir='ltr'>summa</span> <span class='ocrx_word' id='word_1_35' title='bbox 641 652 848 706; x_wconf 86' lang='lat' dir='ltr'>quatuor</span> <span class='ocrx_word' id='word_1_36' title='bbox 864 652 946 689; x_wconf 89' lang='lat' dir='ltr'>aut</span> <span class='ocrx_word' id='word_1_37' title='bbox 962 642 1176 706; x_wconf 88' lang='lat' dir='ltr'>quinque</span> <span class='ocrx_word' id='word_1_38' title='bbox 1195 642 1398 688; x_wconf 90' lang='lat' dir='ltr'>millium</span> <span class='ocrx_word' id='word_1_39' title='bbox 1417 652 1665 689; x_wconf 89' lang='lat' dir='ltr'>scutorum</span> 
     </span>
    </p>
   </div>
   <div class='ocr_carea' id='block_1_5' title="bbox 250 719 1677 2181">
    <p class='ocr_par' dir='ltr' id='par_1_5' title="bbox 250 719 1677 2181">
     <span class='ocr_line' id='line_1_7' title="bbox 250 719 1666 786; baseline -0.002 -16"><span class='ocrx_word' id='word_1_40' title='bbox 250 721 581 786; x_wconf 58' lang='lat' dir='ltr'>eorrupissefl.</span> <span class='ocrx_word' id='word_1_41' title='bbox 618 723 846 767; x_wconf 88' lang='lat' dir='ltr'>Putarunt</span> <span class='ocrx_word' id='word_1_42' title='bbox 891 721 1032 767; x_wconf 83' lang='lat' dir='ltr'>etiarn</span> <span class='ocrx_word' id='word_1_43' title='bbox 1070 720 1148 768; x_wconf 77' lang='lat' dir='ltr'>alii</span> <span class='ocrx_word' id='word_1_44' title='bbox 1190 719 1361 767; x_wconf 80' lang='lat' dir='ltr'>factam</span> <span class='ocrx_word' id='word_1_45' title='bbox 1388 720 1666 784; x_wconf 88' lang='lat' dir='ltr'>hujusmodi</span> 
     </span>
     <span class='ocr_line' id='line_1_8' title="bbox 250 797 1666 863; baseline -0.002 -16"><span class='ocrx_word' id='word_1_46' title='bbox 250 799 586 854; x_wconf 83' lang='lat' dir='ltr'><strong>discessionem</strong></span> <span class='ocrx_word' id='word_1_47' title='bbox 613 807 867 863; x_wconf 86' lang='lat' dir='ltr'>propterea</span> <span class='ocrx_word' id='word_1_48' title='bbox 900 797 1034 862; x_wconf 91' lang='lat' dir='ltr'>quod</span> <span class='ocrx_word' id='word_1_49' title='bbox 1062 814 1245 861; x_wconf 87' lang='lat' dir='ltr'>regem,</span> <span class='ocrx_word' id='word_1_50' title='bbox 1272 798 1464 845; x_wconf 82' lang='lat' dir='ltr'>fratrem</span> <span class='ocrx_word' id='word_1_51' title='bbox 1501 815 1638 844; x_wconf 87' lang='lat' dir='ltr'>suum</span> <span class='ocrx_word' id='word_1_52' title='bbox 1654 834 1666 855; x_wconf 94' lang='lat'>‚</span> 
     </span>
     <span class='ocr_line' id='line_1_9' title="bbox 250 876 1671 943; baseline 0 -18"><span class='ocrx_word' id='word_1_53' title='bbox 250 879 351 943; x_wconf 79' lang='lat' dir='ltr'>ipse</span> <span class='ocrx_word' id='word_1_54' title='bbox 381 877 608 924; x_wconf 89' lang='lat' dir='ltr'>dominus</span> <span class='ocrx_word' id='word_1_55' title='bbox 634 876 831 924; x_wconf 84' lang='lat' dir='ltr'><strong>Carolus</strong></span> <span class='ocrx_word' id='word_1_56' title='bbox 859 877 1061 924; x_wconf 91' lang='lat' dir='ltr'>nimium</span> <span class='ocrx_word' id='word_1_57' title='bbox 1095 878 1304 938; x_wconf 85' lang='lat' dir='ltr'>timeret,</span> <span class='ocrx_word' id='word_1_58' title='bbox 1340 886 1387 924; x_wconf 82' lang='lat' dir='ltr'>et</span> <span class='ocrx_word' id='word_1_59' title='bbox 1417 887 1671 943; x_wconf 87' lang='lat' dir='ltr'>propterea</span> 
     </span>
     <span class='ocr_line' id='line_1_10' title="bbox 251 954 1672 1018; baseline 0 -15"><span class='ocrx_word' id='word_1_60' title='bbox 251 971 300 1003; x_wconf 83' lang='lat' dir='ltr'>se</span> <span class='ocrx_word' id='word_1_61' title='bbox 339 954 564 1002; x_wconf 87' lang='lat' dir='ltr'>adversus</span> <span class='ocrx_word' id='word_1_62' title='bbox 592 955 855 1018; x_wconf 84' lang='lat' dir='ltr'>potentiam</span> <span class='ocrx_word' id='word_1_63' title='bbox 896 954 1051 1002; x_wconf 82' lang='lat' dir='ltr'>fratris</span> <span class='ocrx_word' id='word_1_64' title='bbox 1084 956 1157 1002; x_wconf 89' lang='lat' dir='ltr'>sui</span> <span class='ocrx_word' id='word_1_65' title='bbox 1197 955 1498 1018; x_wconf 81' lang='lat' dir='ltr'>conjunxisse</span> <span class='ocrx_word' id='word_1_66' title='bbox 1535 955 1672 1003; x_wconf 89' lang='lat' dir='ltr'>duci-</span> 
     </span>
     <span class='ocr_line' id='line_1_11' title="bbox 251 1030 1673 1096; baseline 0 -16"><span class='ocrx_word' id='word_1_67' title='bbox 251 1031 342 1080; x_wconf 90' lang='lat' dir='ltr'>bus</span> <span class='ocrx_word' id='word_1_68' title='bbox 364 1030 646 1095; x_wconf 85' lang='lat' dir='ltr'>Burgundiae</span> <span class='ocrx_word' id='word_1_69' title='bbox 670 1041 716 1078; x_wconf 87' lang='lat' dir='ltr'>et</span> <span class='ocrx_word' id='word_1_70' title='bbox 741 1032 1021 1090; x_wconf 83' lang='lat' dir='ltr'>Britanniae3</span> <span class='ocrx_word' id='word_1_71' title='bbox 1050 1033 1186 1096; x_wconf 89' lang='lat' dir='ltr'>cujus</span> <span class='ocrx_word' id='word_1_72' title='bbox 1210 1034 1353 1079; x_wconf 87' lang='lat' dir='ltr'>etiam</span> <span class='ocrx_word' id='word_1_73' title='bbox 1387 1033 1673 1095; x_wconf 86' lang='lat' dir='ltr'>Burgundiae</span> 
     </span>
     <span class='ocr_line' id='line_1_12' title="bbox 252 1109 1673 1174; baseline 0 -17"><span class='ocrx_word' id='word_1_74' title='bbox 252 1109 388 1158; x_wconf 87' lang='lat' dir='ltr'>ducis</span> <span class='ocrx_word' id='word_1_75' title='bbox 409 1109 553 1156; x_wconf 83' lang='lat' dir='ltr'>filiam</span> <span class='ocrx_word' id='word_1_76' title='bbox 590 1109 806 1156; x_wconf 87' lang='lat' dir='ltr'>unicam’</span> <span class='ocrx_word' id='word_1_77' title='bbox 825 1110 1133 1157; x_wconf 87' lang='lat' dir='ltr'>matrimonio</span> <span class='ocrx_word' id='word_1_78' title='bbox 1156 1110 1373 1174; x_wconf 86' lang='lat' dir='ltr'>accipere</span> <span class='ocrx_word' id='word_1_79' title='bbox 1397 1109 1673 1158; x_wconf 82' lang='lat' dir='ltr'>confidebat</span> 
     </span>
     <span class='ocr_line' id='line_1_13' title="bbox 252 1186 1674 1251; baseline -0.001 -15"><span class='ocrx_word' id='word_1_80' title='bbox 252 1197 298 1236; x_wconf 86' lang='lat' dir='ltr'>et</span> <span class='ocrx_word' id='word_1_81' title='bbox 336 1187 537 1235; x_wconf 84' lang='lat' dir='ltr'>firmiter</span> <span class='ocrx_word' id='word_1_82' title='bbox 567 1186 809 1251; x_wconf 79' lang='lat' dir='ltr'><strong>sperabat,</strong></span> <span class='ocrx_word' id='word_1_83' title='bbox 835 1204 890 1234; x_wconf 83' lang='lat' dir='ltr'>ex</span> <span class='ocrx_word' id='word_1_84' title='bbox 913 1203 1008 1250; x_wconf 88' lang='lat' dir='ltr'>qua</span> <span class='ocrx_word' id='word_1_85' title='bbox 1034 1187 1120 1234; x_wconf 91' lang='lat' dir='ltr'>sibi</span> <span class='ocrx_word' id='word_1_86' title='bbox 1150 1188 1315 1235; x_wconf 91' lang='lat' dir='ltr'>omnia</span> <span class='ocrx_word' id='word_1_87' title='bbox 1342 1187 1555 1251; x_wconf 90' lang='lat' dir='ltr'>ejusdem</span> <span class='ocrx_word' id='word_1_88' title='bbox 1579 1188 1674 1234; x_wconf 92' lang='lat' dir='ltr'>du-</span> 
     </span>
     <span class='ocr_line' id='line_1_14' title="bbox 253 1264 1677 1330; baseline -0.001 -17"><span class='ocrx_word' id='word_1_89' title='bbox 253 1265 321 1313; x_wconf 89' lang='lat' dir='ltr'>cis</span> <span class='ocrx_word' id='word_1_90' title='bbox 349 1264 564 1311; x_wconf 85' lang='lat' dir='ltr'>dominia</span> <span class='ocrx_word' id='word_1_91' title='bbox 583 1264 902 1328; x_wconf 88' lang='lat' dir='ltr'>pulcherrima</span> <span class='ocrx_word' id='word_1_92' title='bbox 931 1265 1196 1329; x_wconf 85' lang='lat' dir='ltr'>potuissent</span> <span class='ocrx_word' id='word_1_93' title='bbox 1223 1266 1494 1330; x_wconf 85' lang='lat' dir='ltr'>provenire.</span> <span class='ocrx_word' id='word_1_94' title='bbox 1529 1268 1677 1313; x_wconf 87' lang='lat' dir='ltr'>Natus</span> 
     </span>
     <span class='ocr_line' id='line_1_15' title="bbox 253 1341 1671 1406; baseline 0.001 -18"><span class='ocrx_word' id='word_1_95' title='bbox 253 1342 382 1389; x_wconf 90' lang='lat' dir='ltr'>enim</span> <span class='ocrx_word' id='word_1_96' title='bbox 414 1341 545 1389; x_wconf 85' lang='lat' dir='ltr'>fratri</span> <span class='ocrx_word' id='word_1_97' title='bbox 574 1358 662 1389; x_wconf 94' lang='lat' dir='ltr'>suo</span> <span class='ocrx_word' id='word_1_98' title='bbox 695 1343 794 1406; x_wconf 85' lang='lat' dir='ltr'>regi</span> <span class='ocrx_word' id='word_1_99' title='bbox 827 1359 949 1406; x_wconf 90' lang='lat' dir='ltr'>puer</span> <span class='ocrx_word' id='word_1_100' title='bbox 975 1342 1214 1390; x_wconf 85' lang='lat' dir='ltr'>masculus</span> <span class='ocrx_word' id='word_1_101' title='bbox 1252 1353 1353 1390; x_wconf 88' lang='lat' dir='ltr'>erat</span> <span class='ocrx_word' id='word_1_102' title='bbox 1383 1343 1465 1390; x_wconf 91' lang='lat' dir='ltr'>illo</span> <span class='ocrx_word' id='word_1_103' title='bbox 1499 1359 1629 1390; x_wconf 86' lang='lat' dir='ltr'>anno</span> <span class='ocrx_word' id='word_1_104' title='bbox 1642 1345 1671 1402; x_wconf 86' lang='lat'>⁸,</span> 
     </span>
     <span class='ocr_line' id='line_1_16' title="bbox 252 1417 1674 1484; baseline 0.002 -20"><span class='ocrx_word' id='word_1_105' title='bbox 252 1417 430 1465; x_wconf 88' lang='lat' dir='ltr'>habere</span> <span class='ocrx_word' id='word_1_106' title='bbox 453 1429 650 1483; x_wconf 84' lang='lat' dir='ltr'>propter</span> <span class='ocrx_word' id='word_1_107' title='bbox 676 1435 820 1482; x_wconf 89' lang='lat' dir='ltr'>quem</span> <span class='ocrx_word' id='word_1_108' title='bbox 845 1418 1034 1465; x_wconf 81' lang='lat' dir='ltr'>fratrem</span> <span class='ocrx_word' id='word_1_109' title='bbox 1066 1436 1207 1466; x_wconf 90' lang='lat' dir='ltr'>suum</span> <span class='ocrx_word' id='word_1_110' title='bbox 1232 1420 1380 1482; x_wconf 82' lang='lat' dir='ltr'>magis</span> <span class='ocrx_word' id='word_1_111' title='bbox 1402 1429 1674 1484; x_wconf 85' lang='lat' dir='ltr'>suspectum</span> 
     </span>
     <span class='ocr_line' id='line_1_17' title="bbox 254 1495 1675 1561; baseline 0.003 -20"><span class='ocrx_word' id='word_1_112' title='bbox 254 1495 356 1559; x_wconf 89' lang='lat' dir='ltr'>ipse</span> <span class='ocrx_word' id='word_1_113' title='bbox 373 1511 455 1541; x_wconf 83' lang='lat' dir='ltr'>rex</span> <span class='ocrx_word' id='word_1_114' title='bbox 479 1495 732 1553; x_wconf 85' lang='lat' dir='ltr'>ferebatur,</span> <span class='ocrx_word' id='word_1_115' title='bbox 763 1512 852 1553; x_wconf 88' lang='lat' dir='ltr'>ne,</span> <span class='ocrx_word' id='word_1_116' title='bbox 889 1497 926 1542; x_wconf 92' lang='lat' dir='ltr'>si</span> <span class='ocrx_word' id='word_1_117' title='bbox 950 1496 1071 1543; x_wconf 84' lang='lat' dir='ltr'>forte</span> <span class='ocrx_word' id='word_1_118' title='bbox 1098 1495 1189 1543; x_wconf 88' lang='lat' dir='ltr'>sibi</span> <span class='ocrx_word' id='word_1_119' title='bbox 1213 1498 1563 1561; x_wconf 87' lang='lat' dir='ltr'>superviveret,</span> <span class='ocrx_word' id='word_1_120' title='bbox 1591 1514 1675 1545; x_wconf 90' lang='lat' dir='ltr'>cu-</span> 
     </span>
     <span class='ocr_line' id='line_1_18' title="bbox 254 1571 1508 1637; baseline 0.002 -19"><span class='ocrx_word' id='word_1_121' title='bbox 254 1571 451 1637; x_wconf 84' lang='lat' dir='ltr'>piditate</span> <span class='ocrx_word' id='word_1_122' title='bbox 465 1572 480 1595; x_wconf 78' lang='lat'><strong>⁴</strong></span> <span class='ocrx_word' id='word_1_123' title='bbox 501 1572 731 1636; x_wconf 86' lang='lat' dir='ltr'>regnandi</span> <span class='ocrx_word' id='word_1_124' title='bbox 755 1572 970 1619; x_wconf 87' lang='lat' dir='ltr'>sobolem</span> <span class='ocrx_word' id='word_1_125' title='bbox 1001 1573 1148 1636; x_wconf 91' lang='lat' dir='ltr'>ipsius</span> <span class='ocrx_word' id='word_1_126' title='bbox 1171 1574 1508 1636; x_wconf 82' lang='lat' dir='ltr'>exstingueret.</span> 
     </span>
     <span class='ocr_line' id='line_1_19' title="bbox 322 1650 1673 1718; baseline 0.004 -22"><span class='ocrx_word' id='word_1_127' title='bbox 322 1653 542 1697; x_wconf 82' lang='lat' dir='ltr'>Potuerat</span> <span class='ocrx_word' id='word_1_128' title='bbox 565 1650 708 1697; x_wconf 82' lang='lat' dir='ltr'>etiam</span> <span class='ocrx_word' id='word_1_129' title='bbox 742 1650 869 1698; x_wconf 90' lang='lat' dir='ltr'>idem</span> <span class='ocrx_word' id='word_1_130' title='bbox 898 1650 1125 1699; x_wconf 87' lang='lat' dir='ltr'>dominus</span> <span class='ocrx_word' id='word_1_131' title='bbox 1147 1652 1367 1708; x_wconf 84' lang='lat' dir='ltr'>Carolus,</span> <span class='ocrx_word' id='word_1_132' title='bbox 1394 1654 1673 1718; x_wconf 82' lang='lat' dir='ltr'>priusquam</span> 
     </span>
     <span class='ocr_line' id='line_1_20' title="bbox 254 1725 1673 1794; baseline 0.004 -21"><span class='ocrx_word' id='word_1_133' title='bbox 254 1725 377 1773; x_wconf 84' lang='lat' dir='ltr'>filius</span> <span class='ocrx_word' id='word_1_134' title='bbox 405 1728 527 1790; x_wconf 87' lang='lat' dir='ltr'>regis</span> <span class='ocrx_word' id='word_1_135' title='bbox 558 1738 696 1774; x_wconf 85' lang='lat' dir='ltr'>natus</span> <span class='ocrx_word' id='word_1_136' title='bbox 725 1728 907 1785; x_wconf 89' lang='lat' dir='ltr'>fuisset,</span> <span class='ocrx_word' id='word_1_137' title='bbox 935 1745 1069 1793; x_wconf 91' lang='lat' dir='ltr'>spem</span> <span class='ocrx_word' id='word_1_138' title='bbox 1098 1729 1281 1776; x_wconf 85' lang='lat' dir='ltr'>habens</span> <span class='ocrx_word' id='word_1_139' title='bbox 1312 1730 1446 1794; x_wconf 92' lang='lat' dir='ltr'>quod</span> <span class='ocrx_word' id='word_1_140' title='bbox 1475 1746 1502 1777; x_wconf 88' lang='lat' dir='ltr'>a</span> <span class='ocrx_word' id='word_1_141' title='bbox 1530 1730 1673 1779; x_wconf 83' lang='lat' dir='ltr'>fratre</span> 
     </span>
     <span class='ocr_line' id='line_1_21' title="bbox 254 1803 1673 1872; baseline 0.004 -22"><span class='ocrx_word' id='word_1_142' title='bbox 254 1819 367 1860; x_wconf 82' lang='lat' dir='ltr'>suo,</span> <span class='ocrx_word' id='word_1_143' title='bbox 403 1803 538 1850; x_wconf 85' lang='lat' dir='ltr'>nulio</span> <span class='ocrx_word' id='word_1_144' title='bbox 573 1805 737 1851; x_wconf 86' lang='lat' dir='ltr'>relicto</span> <span class='ocrx_word' id='word_1_145' title='bbox 774 1804 899 1863; x_wconf 84' lang='lat' dir='ltr'>filio,</span> <span class='ocrx_word' id='word_1_146' title='bbox 925 1806 1059 1867; x_wconf 86' lang='lat' dir='ltr'>regni</span> <span class='ocrx_word' id='word_1_147' title='bbox 1084 1807 1320 1854; x_wconf 87' lang='lat' dir='ltr'>successio</span> <span class='ocrx_word' id='word_1_148' title='bbox 1346 1807 1406 1854; x_wconf 90' lang='lat' dir='ltr'>ad</span> <span class='ocrx_word' id='word_1_149' title='bbox 1430 1807 1587 1872; x_wconf 90' lang='lat' dir='ltr'>ipsum</span> <span class='ocrx_word' id='word_1_150' title='bbox 1616 1824 1673 1855; x_wconf 87' lang='lat' dir='ltr'>ex</span> 
     </span>
     <span class='ocr_line' id='line_1_22' title="bbox 254 1881 1673 1945; baseline 0.004 -18"><span class='ocrx_word' id='word_1_151' title='bbox 254 1890 409 1928; x_wconf 88' lang='lat' dir='ltr'>morte</span> <span class='ocrx_word' id='word_1_152' title='bbox 438 1881 593 1928; x_wconf 84' lang='lat' dir='ltr'>fratris</span> <span class='ocrx_word' id='word_1_153' title='bbox 634 1891 923 1945; x_wconf 85' lang='lat' dir='ltr'>perventura</span> <span class='ocrx_word' id='word_1_154' title='bbox 952 1892 1105 1943; x_wconf 83' lang='lat' dir='ltr'>esset,</span> <span class='ocrx_word' id='word_1_155' title='bbox 1144 1894 1259 1930; x_wconf 86' lang='lat' dir='ltr'>tunc</span> <span class='ocrx_word' id='word_1_156' title='bbox 1290 1894 1544 1931; x_wconf 86' lang='lat' dir='ltr'>contentus</span> <span class='ocrx_word' id='word_1_157' title='bbox 1577 1901 1673 1933; x_wconf 86' lang='lat' dir='ltr'>ma-</span> 
     </span>
     <span class='ocr_line' id='line_1_23' title="bbox 254 1959 1673 2026; baseline 0.003 -21"><span class='ocrx_word' id='word_1_158' title='bbox 254 1974 367 2006; x_wconf 89' lang='lat' dir='ltr'>nere</span> <span class='ocrx_word' id='word_1_159' title='bbox 409 1959 470 2006; x_wconf 91' lang='lat' dir='ltr'>de</span> <span class='ocrx_word' id='word_1_160' title='bbox 512 1959 734 2023; x_wconf 88' lang='lat' dir='ltr'>portione</span> <span class='ocrx_word' id='word_1_161' title='bbox 784 1976 928 2022; x_wconf 84' lang='lat' dir='ltr'>quam</span> <span class='ocrx_word' id='word_1_162' title='bbox 965 1970 1235 2026; x_wconf 82' lang='lat' dir='ltr'>acceperat,</span> <span class='ocrx_word' id='word_1_163' title='bbox 1275 1978 1360 2026; x_wconf 84' lang='lat' dir='ltr'>spe</span> <span class='ocrx_word' id='word_1_164' title='bbox 1401 1962 1547 2009; x_wconf 81' lang='lat' dir='ltr'>fretus</span> <span class='ocrx_word' id='word_1_165' title='bbox 1587 1963 1673 2009; x_wconf 85' lang='lat' dir='ltr'>ali-</span> 
     </span>
     <span class='ocr_line' id='line_1_24' title="bbox 255 2034 1674 2100; baseline 0.003 -19"><span class='ocrx_word' id='word_1_166' title='bbox 255 2035 451 2098; x_wconf 88' lang='lat' dir='ltr'>quando</span> <span class='ocrx_word' id='word_1_167' title='bbox 473 2034 697 2081; x_wconf 88' lang='lat' dir='ltr'>omnibus</span> <span class='ocrx_word' id='word_1_168' title='bbox 726 2036 895 2099; x_wconf 84' lang='lat' dir='ltr'>potiri,</span> <span class='ocrx_word' id='word_1_169' title='bbox 922 2046 968 2082; x_wconf 87' lang='lat' dir='ltr'>et</span> <span class='ocrx_word' id='word_1_170' title='bbox 998 2036 1130 2100; x_wconf 90' lang='lat' dir='ltr'>quod</span> <span class='ocrx_word' id='word_1_171' title='bbox 1166 2037 1228 2083; x_wconf 91' lang='lat' dir='ltr'>ad</span> <span class='ocrx_word' id='word_1_172' title='bbox 1257 2054 1367 2084; x_wconf 90' lang='lat' dir='ltr'>eum</span> <span class='ocrx_word' id='word_1_173' title='bbox 1391 2055 1575 2086; x_wconf 85' lang='lat' dir='ltr'>summa</span> <span class='ocrx_word' id='word_1_174' title='bbox 1599 2049 1674 2085; x_wconf 91' lang='lat' dir='ltr'>to-</span> 
     </span>
     <span class='ocr_line' id='line_1_25' title="bbox 257 2110 1671 2181; baseline 0.004 -24"><span class='ocrx_word' id='word_1_175' title='bbox 257 2110 350 2157; x_wconf 79' lang='lat' dir='ltr'>tius</span> <span class='ocrx_word' id='word_1_176' title='bbox 383 2113 516 2176; x_wconf 88' lang='lat' dir='ltr'>regni</span> <span class='ocrx_word' id='word_1_177' title='bbox 546 2113 777 2158; x_wconf 78' lang='lat' dir='ltr'>Franciae⁵</span> <span class='ocrx_word' id='word_1_178' title='bbox 803 2111 1104 2160; x_wconf 86' lang='lat' dir='ltr'>devolvenda</span> <span class='ocrx_word' id='word_1_179' title='bbox 1141 2113 1278 2161; x_wconf 86' lang='lat' dir='ltr'>foret.</span> <span class='ocrx_word' id='word_1_180' title='bbox 1315 2117 1422 2172; x_wconf 90' lang='lat' dir='ltr'>Qua</span> <span class='ocrx_word' id='word_1_181' title='bbox 1444 2132 1528 2181; x_wconf 89' lang='lat' dir='ltr'>spe</span> <span class='ocrx_word' id='word_1_182' title='bbox 1561 2132 1671 2163; x_wconf 88' lang='lat' dir='ltr'>cum</span> 
     </span>
    </p>
   </div>
   <div class='ocr_carea' id='block_1_6' title="bbox 255 2273 1674 2845">
    <p class='ocr_par' dir='ltr' id='par_1_6' title="bbox 255 2273 1674 2618">
     <span class='ocr_line' id='line_1_26' title="bbox 309 2273 1672 2332; baseline 0.006 -22"><span class='ocrx_word' id='word_1_183' title='bbox 309 2273 348 2311; x_wconf 77' lang='lat'>1.</span> <span class='ocrx_word' id='word_1_184' title='bbox 377 2274 562 2311; x_wconf 88' lang='lat' dir='ltr'>L’auteur</span> <span class='ocrx_word' id='word_1_185' title='bbox 579 2274 725 2312; x_wconf 76' lang='lat' dir='ltr'>enonce</span> <span class='ocrx_word' id='word_1_186' title='bbox 744 2274 819 2312; x_wconf 87' lang='lat' dir='ltr'>mal</span> <span class='ocrx_word' id='word_1_187' title='bbox 840 2287 893 2312; x_wconf 90' lang='lat' dir='ltr'>un</span> <span class='ocrx_word' id='word_1_188' title='bbox 912 2274 981 2312; x_wconf 85' lang='lat' dir='ltr'>fait</span> <span class='ocrx_word' id='word_1_189' title='bbox 1004 2275 1071 2326; x_wconf 88' lang='lat' dir='ltr'>qui</span> <span class='ocrx_word' id='word_1_190' title='bbox 1090 2285 1148 2314; x_wconf 89' lang='lat' dir='ltr'>est</span> <span class='ocrx_word' id='word_1_191' title='bbox 1169 2277 1352 2328; x_wconf 75' lang='lat' dir='ltr'>rapporte</span> <span class='ocrx_word' id='word_1_192' title='bbox 1378 2290 1449 2329; x_wconf 80' lang='lat' dir='ltr'>par</span> <span class='ocrx_word' id='word_1_193' title='bbox 1470 2277 1672 2332; x_wconf 86' lang='lat' dir='ltr'>l’interpo-</span> 
     </span>
     <span class='ocr_line' id='line_1_27' title="bbox 255 2329 1672 2387; baseline 0.006 -19"><span class='ocrx_word' id='word_1_194' title='bbox 255 2329 381 2369; x_wconf 85' lang='lat' dir='ltr'>lateur</span> <span class='ocrx_word' id='word_1_195' title='bbox 404 2331 453 2370; x_wconf 94' lang='lat' dir='ltr'>de</span> <span class='ocrx_word' id='word_1_196' title='bbox 482 2332 520 2370; x_wconf 85' lang='lat' dir='ltr'>la</span> <span class='ocrx_word' id='word_1_197' title='bbox 549 2332 770 2384; x_wconf 80' lang='lat' dir='ltr'>chronique</span> <span class='ocrx_word' id='word_1_198' title='bbox 790 2332 1060 2383; x_wconf 85' lang='lat' dir='ltr'>scandaleuse,</span> <span class='ocrx_word' id='word_1_199' title='bbox 1082 2335 1211 2374; x_wconf 80' lang='lat' dir='ltr'>savoir</span> <span class='ocrx_word' id='word_1_200' title='bbox 1238 2349 1314 2387; x_wconf 90' lang='lat' dir='ltr'>que</span> <span class='ocrx_word' id='word_1_201' title='bbox 1333 2336 1482 2375; x_wconf 83' lang='lat' dir='ltr'>Gilbert</span> <span class='ocrx_word' id='word_1_202' title='bbox 1503 2340 1552 2377; x_wconf 85' lang='lat' dir='ltr'>de</span> <span class='ocrx_word' id='word_1_203' title='bbox 1571 2338 1672 2377; x_wconf 87' lang='lat' dir='ltr'>Cha-</span> 
     </span>
     <span class='ocr_line' id='line_1_28' title="bbox 256 2388 1674 2446; baseline 0.006 -18"><span class='ocrx_word' id='word_1_204' title='bbox 256 2388 419 2439; x_wconf 84' lang='lat' dir='ltr'>bannes,</span> <span class='ocrx_word' id='word_1_205' title='bbox 439 2391 619 2444; x_wconf 82' lang='lat' dir='ltr'>seigneur</span> <span class='ocrx_word' id='word_1_206' title='bbox 647 2392 695 2430; x_wconf 88' lang='lat' dir='ltr'>de</span> <span class='ocrx_word' id='word_1_207' title='bbox 715 2395 858 2431; x_wconf 84' lang='lat' dir='ltr'>Curton</span> <span class='ocrx_word' id='word_1_208' title='bbox 875 2422 886 2441; x_wconf 91' lang='lat'>‚</span> <span class='ocrx_word' id='word_1_209' title='bbox 908 2402 946 2431; x_wconf 87' lang='lat' dir='ltr'>et</span> <span class='ocrx_word' id='word_1_210' title='bbox 965 2407 1018 2431; x_wconf 93' lang='lat' dir='ltr'>un</span> <span class='ocrx_word' id='word_1_211' title='bbox 1041 2403 1151 2433; x_wconf 87' lang='lat' dir='ltr'>autre</span> <span class='ocrx_word' id='word_1_212' title='bbox 1170 2404 1349 2446; x_wconf 56' lang='lat' dir='ltr'>ree-urent</span> <span class='ocrx_word' id='word_1_213' title='bbox 1371 2396 1437 2434; x_wconf 85' lang='lat' dir='ltr'>dix</span> <span class='ocrx_word' id='word_1_214' title='bbox 1458 2397 1563 2436; x_wconf 90' lang='lat' dir='ltr'>mille</span> <span class='ocrx_word' id='word_1_215' title='bbox 1584 2399 1674 2437; x_wconf 73' lang='lat' dir='ltr'>ecus</span> 
     </span>
     <span class='ocr_line' id='line_1_29' title="bbox 256 2449 1674 2506; baseline 0.006 -20"><span class='ocrx_word' id='word_1_216' title='bbox 256 2461 356 2499; x_wconf 85' lang='lat' dir='ltr'>pour</span> <span class='ocrx_word' id='word_1_217' title='bbox 383 2449 540 2488; x_wconf 77' lang='lat' dir='ltr'>decidet</span> <span class='ocrx_word' id='word_1_218' title='bbox 570 2451 606 2489; x_wconf 92' lang='lat' dir='ltr'>le</span> <span class='ocrx_word' id='word_1_219' title='bbox 630 2452 765 2503; x_wconf 90' lang='lat' dir='ltr'>prince</span> <span class='ocrx_word' id='word_1_220' title='bbox 800 2454 821 2489; x_wconf 74' lang='grc' dir='ltr'><strong>ὸ</strong></span> <span class='ocrx_word' id='word_1_221' title='bbox 852 2465 893 2490; x_wconf 90' lang='lat' dir='ltr'>se</span> <span class='ocrx_word' id='word_1_222' title='bbox 925 2465 1058 2503; x_wconf 88' lang='lat' dir='ltr'>passer</span> <span class='ocrx_word' id='word_1_223' title='bbox 1087 2453 1141 2491; x_wconf 89' lang='lat' dir='ltr'>du</span> <span class='ocrx_word' id='word_1_224' title='bbox 1173 2455 1331 2501; x_wconf 85' lang='lat' dir='ltr'>Poitou,</span> <span class='ocrx_word' id='word_1_225' title='bbox 1363 2456 1457 2506; x_wconf 87' lang='lat' dir='ltr'>qu&#39;il</span> <span class='ocrx_word' id='word_1_226' title='bbox 1483 2457 1587 2495; x_wconf 82' lang='lat' dir='ltr'>avait</span> <span class='ocrx_word' id='word_1_227' title='bbox 1614 2458 1674 2495; x_wconf 73' lang='lat' dir='ltr'>ete</span> 
     </span>
     <span class='ocr_line' id='line_1_30' title="bbox 258 2506 1674 2568; baseline 0.008 -24"><span class='ocrx_word' id='word_1_228' title='bbox 258 2506 417 2546; x_wconf 81' lang='lat' dir='ltr'>d‘abord</span> <span class='ocrx_word' id='word_1_229' title='bbox 438 2509 615 2560; x_wconf 85' lang='lat' dir='ltr'>question</span> <span class='ocrx_word' id='word_1_230' title='bbox 645 2509 693 2548; x_wconf 86' lang='lat' dir='ltr'>de</span> <span class='ocrx_word' id='word_1_231' title='bbox 718 2510 873 2559; x_wconf 83' lang='lat' dir='ltr'>joindre</span> <span class='ocrx_word' id='word_1_232' title='bbox 893 2513 914 2549; x_wconf 70' lang='grc' dir='ltr'>ὲ</span> <span class='ocrx_word' id='word_1_233' title='bbox 933 2510 970 2549; x_wconf 90' lang='lat' dir='ltr'>la</span> <span class='ocrx_word' id='word_1_234' title='bbox 988 2511 1165 2551; x_wconf 85' lang='lat' dir='ltr'>Guienne</span> <span class='ocrx_word' id='word_1_235' title='bbox 1178 2543 1188 2561; x_wconf 93' lang='lat'>‚</span> <span class='ocrx_word' id='word_1_236' title='bbox 1213 2527 1312 2566; x_wconf 80' lang='lat' dir='ltr'>pour</span> <span class='ocrx_word' id='word_1_237' title='bbox 1330 2514 1476 2554; x_wconf 86' lang='lat' dir='ltr'>former</span> <span class='ocrx_word' id='word_1_238' title='bbox 1492 2529 1562 2554; x_wconf 92' lang='lat' dir='ltr'>son</span> <span class='ocrx_word' id='word_1_239' title='bbox 1584 2510 1674 2568; x_wconf 58' lang='lat' dir='ltr'>aph-</span> 
     </span>
     <span class='ocr_line' id='line_1_31' title="bbox 260 2577 372 2618; baseline 0.018 -16"><span class='ocrx_word' id='word_1_240' title='bbox 260 2577 372 2618; x_wconf 83' lang='lat' dir='ltr'>nage.</span> 
     </span>
    </p>

    <p class='ocr_par' dir='ltr' id='par_1_7' title="bbox 302 2625 950 2683">
     <span class='ocr_line' id='line_1_32' title="bbox 302 2625 950 2683; baseline 0.011 -22"><span class='ocrx_word' id='word_1_241' title='bbox 302 2625 352 2661; x_wconf 60' lang='lat' dir='ltr'>Q.</span> <span class='ocrx_word' id='word_1_242' title='bbox 382 2627 611 2678; x_wconf 83' lang='lat' dir='ltr'>Marguerite</span> <span class='ocrx_word' id='word_1_243' title='bbox 630 2627 679 2666; x_wconf 88' lang='lat' dir='ltr'>de</span> <span class='ocrx_word' id='word_1_244' title='bbox 698 2631 950 2683; x_wconf 72' lang='lat' dir='ltr'>Boni-gogne.¹</span> 
     </span>
    </p>

    <p class='ocr_par' dir='ltr' id='par_1_8' title="bbox 315 2685 1534 2740">
     <span class='ocr_line' id='line_1_33' title="bbox 315 2685 1534 2740; baseline 0.006 -18"><span class='ocrx_word' id='word_1_245' title='bbox 315 2686 353 2722; x_wconf 88' lang='grc'>3.</span> <span class='ocrx_word' id='word_1_246' title='bbox 383 2685 490 2723; x_wconf 88' lang='lat' dir='ltr'>Celui</span> <span class='ocrx_word' id='word_1_247' title='bbox 505 2686 572 2736; x_wconf 90' lang='lat' dir='ltr'>qui</span> <span class='ocrx_word' id='word_1_248' title='bbox 591 2688 649 2725; x_wconf 87' lang='lat' dir='ltr'>fut</span> <span class='ocrx_word' id='word_1_249' title='bbox 669 2688 805 2740; x_wconf 84' lang='lat' dir='ltr'>depuis</span> <span class='ocrx_word' id='word_1_250' title='bbox 827 2690 983 2729; x_wconf 74' lang='lat' dir='ltr'>Chai-les</span> <span class='ocrx_word' id='word_1_251' title='bbox 999 2693 1103 2739; x_wconf 89' lang='lat' dir='ltr'><strong>VIII,</strong></span> <span class='ocrx_word' id='word_1_252' title='bbox 1123 2693 1172 2729; x_wconf 75' lang='lat' dir='ltr'>ne</span> <span class='ocrx_word' id='word_1_253' title='bbox 1194 2692 1230 2730; x_wconf 91' lang='lat' dir='ltr'>le</span> <span class='ocrx_word' id='word_1_254' title='bbox 1250 2695 1299 2730; x_wconf 81' lang='lat'>30</span> <span class='ocrx_word' id='word_1_255' title='bbox 1312 2693 1396 2740; x_wconf 87' lang='lat' dir='ltr'>juin</span> <span class='ocrx_word' id='word_1_256' title='bbox 1417 2696 1534 2731; x_wconf 64' lang='lat'><strong>1470.</strong></span> 
     </span>
    </p>

    <p class='ocr_par' dir='ltr' id='par_1_9' title="bbox 316 2745 837 2793">
     <span class='ocr_line' id='line_1_34' title="bbox 316 2745 837 2793; baseline 0.013 -13"><span class='ocrx_word' id='word_1_257' title='bbox 316 2745 355 2780; x_wconf 71' lang='lat'>4.</span> <span class='ocrx_word' id='word_1_258' title='bbox 386 2745 586 2793; x_wconf 80' lang='lat' dir='ltr'>Cupiditas</span> <span class='ocrx_word' id='word_1_259' title='bbox 599 2745 694 2785; x_wconf 81' lang='lat' dir='ltr'>dans</span> <span class='ocrx_word' id='word_1_260' title='bbox 706 2747 743 2786; x_wconf 93' lang='lat' dir='ltr'>le</span> <span class='ocrx_word' id='word_1_261' title='bbox 762 2761 837 2786; x_wconf 77' lang='lat' dir='ltr'>ms.</span> 
     </span>
    </p>

    <p class='ocr_par' dir='ltr' id='par_1_10' title="bbox 317 2804 848 2845">
     <span class='ocr_line' id='line_1_35' title="bbox 317 2804 848 2845; baseline 0.013 -7"><span class='ocrx_word' id='word_1_262' title='bbox 317 2805 354 2839; x_wconf 79' lang='lat'>5.</span> <span class='ocrx_word' id='word_1_263' title='bbox 391 2805 591 2840; x_wconf 69' lang='lat' dir='ltr'>Britannia</span> <span class='ocrx_word' id='word_1_264' title='bbox 609 2804 704 2842; x_wconf 84' lang='lat' dir='ltr'>dans</span> <span class='ocrx_word' id='word_1_265' title='bbox 720 2805 756 2843; x_wconf 88' lang='lat' dir='ltr'>le</span> <span class='ocrx_word' id='word_1_266' title='bbox 777 2819 848 2845; x_wconf 86' lang='lat' dir='ltr'>ms.</span> 
     </span>
    </p>
   </div>
  </div>
 </body>
</html>
