2054 3470
381 341 456 378 394
743 343 1087 380 HISTORIARUM
1115 342 1352 380 LUDOVICI
1378 344 1437 380 XI

378 430 457 477 cui
482 429 675 479 difficile
702 441 816 479 tunc
843 432 893 478 in
923 440 1024 479 tota
1050 430 1200 479 Gallia
1222 431 1392 496 aliquis
1422 448 1480 479 ex
1507 431 1791 497 illustribus,

378 524 476 554 non
503 508 652 556 modo
668 509 901 574 superior,
930 508 1013 556 sed
1035 525 1124 556 nec
1142 510 1187 556 ei
1207 509 1256 556 in
1281 508 1520 573 probitate
1545 510 1798 558 conferen-

378 585 492 645 dus,
515 585 672 644 facile,
693 586 938 633 communi
962 586 1216 633 hominum
1238 586 1571 645 aestimatione,
1591 587 1796 636 inveniri

376 663 628 728 potuisset.
667 666 828 728 Ipsum
862 663 984 727 regis
1016 663 1196 727 legatus
1226 680 1339 710 cum
1366 663 1574 710 exercitu
1607 674 1713 712 astu
1749 676 1797 713 et

377 740 493 788 dolo
513 740 658 799 malo,
689 741 814 788 falsis
829 779 841 802 ,
868 751 920 788 ut
948 741 1073 788 fama
1097 750 1218 801 erat,
1247 741 1674 807 pollicitationibus
1695 744 1799 808 pel-

376 818 555 866 lectum
579 828 626 865 et
643 828 819 865 temere
838 817 1084 877 delusum,
1110 818 1160 864 in
1183 834 1319 865 suam
1334 855 1346 876 ‚
1372 819 1477 884 ipso
1497 836 1548 866 se
1569 819 1793 883 dedente,

377 897 555 961 recepit
582 905 892 961 potestatem;
919 911 1123 959 suasque
1155 911 1286 942 arces
1314 905 1362 942 et
1396 906 1550 945 castra
1584 897 1793 964 direpta,

377 982 423 1019 et
445 972 609 1027 bonis,
635 972 811 1036 quibus
834 972 1028 1019 abunde
1051 982 1096 1018 et
1116 972 1366 1034 insigniter
1386 973 1616 1023 instructa
1634 985 1793 1035 erant,

377 1049 555 1096 nudata
573 1049 637 1097 ad
657 1066 855 1096 manum
878 1059 925 1096 et
943 1049 1114 1096 fiscum
1132 1050 1316 1113 regium
1340 1051 1518 1115 posuit.

442 1127 587 1186 Quod
615 1145 728 1175 cum
760 1145 842 1174 rex
869 1137 1171 1193 compertum
1203 1127 1403 1175 haberet
1420 1165 1432 1189 ‚
1458 1128 1542 1192 qui
1570 1129 1796 1178 eumdem

376 1204 568 1265 ducem,
589 1205 653 1252 ob
676 1206 1000 1270 suspicionem
1020 1204 1232 1269 perfidiae
1248 1214 1294 1251 et
1314 1205 1644 1270 proditionum
1658 1206 1797 1255 valde

377 1298 404 1328 a
442 1282 594 1329 multo
627 1283 727 1346 jam
765 1292 983 1348 tempore
1023 1281 1235 1329 habebat
1270 1299 1497 1341 exosum,
1542 1281 1633 1329 sub
1665 1282 1798 1331 bona

376 1358 595 1406 custodia
618 1375 730 1406 eum
756 1360 954 1406 Parisios
987 1359 1269 1417 transmisit,
1298 1367 1350 1405 ut
1376 1358 1471 1405 illic
1497 1367 1664 1406 contra
1685 1375 1796 1406 eum

375 1452 625 1501 processus
640 1453 784 1502 super
805 1435 1104 1498 criminibus,
1131 1435 1192 1483 de
1210 1434 1384 1500 quibus
1399 1435 1583 1482 delatus
1604 1452 1797 1501 suspec—

375 1523 549 1577 tusque
584 1513 777 1561 habitus
800 1514 975 1573 suerat,
1009 1514 1059 1560 in
1094 1513 1227 1560 curia
1263 1513 1550 1560 Parlamenti
1581 1512 1717 1560 fieret
1750 1523 1799 1561 et

376 1591 657 1651 haberetur;
682 1591 1097 1656 quemadmodum
1120 1590 1434 1656 postmodum
1457 1590 1634 1638 factum
1656 1592 1798 1638 exsti-

373 1669 447 1715 tit.
482 1669 599 1728 Sed,
636 1669 781 1729 heus,
818 1669 943 1734 proh
982 1667 1148 1715 dolor!
1191 1685 1296 1733 quae
1331 1685 1465 1733 spes,
1497 1677 1600 1715 esto
1633 1668 1798 1716 insons

375 1747 566 1811 penitus
585 1746 771 1807 fuisset,
799 1748 844 1794 ei
867 1763 1114 1811 superesse
1131 1755 1320 1811 poterat
1341 1744 1693 1809 consequendae
1708 1745 1798 1793 ab-

374 1825 626 1872 solutionis
649 1841 676 1871 a
699 1825 901 1871 crimine
918 1861 930 1884 ,
953 1825 1087 1888 cujus
1105 1824 1203 1888 jam
1228 1833 1274 1870 et
1293 1822 1424 1870 bona
1445 1822 1631 1887 direpta
1653 1831 1796 1884 atque

374 1919 570 1967 prorsus
592 1902 818 1967 adempta
841 1902 1047 1959 fuerant,
1073 1911 1120 1948 et
1139 1901 1215 1965 (ut
1235 1900 1518 1966 plerumque
1539 1898 1642 1946 fieri
1664 1898 1795 1964 apud

375 1997 508 2044 reges
525 1984 819 2027 Francorum
835 1990 880 2027 et
897 1980 1073 2026 similes
1091 1989 1319 2042 tyrannos
1340 1976 1479 2040 solet)
1495 1976 1596 2039 jam
1615 1975 1796 2024 donata

377 2058 520 2104 etiam
541 2058 654 2122 ipsis
666 2059 678 2081 ¹
696 2057 854 2104 forsan
876 2056 1185 2114 delatoribus,
1202 2054 1504 2118 nequissimis
1524 2064 1571 2101 et
1589 2054 1795 2119 rapacis-

376 2135 506 2181 simis
540 2134 738 2181 canibus
771 2133 1022 2198 palatinis3
1058 2132 1141 2179 sed
1171 2142 1247 2192 et,
1282 2131 1415 2195 quod
1450 2131 1604 2178 multo
1629 2130 1796 2178 durius

376 2221 423 2258 et
443 2211 611 2274 majori
634 2210 902 2274 subjectum
925 2219 1026 2256 erat
1049 2208 1287 2274 periculo,
1322 2209 1464 2255 etiam
1487 2224 1569 2255 rex
1585 2245 1597 2267 ‚
1628 2207 1691 2255 ad
1711 2224 1795 2254 cu-

370 2288 449 2352 jus
467 2287 678 2334 tribunal
702 2286 992 2351 judicandus
1024 2286 1291 2347 sistebatur,
1317 2302 1452 2342 eum,
1480 2300 1622 2350 supra
1649 2299 1795 2348 quam

376 2365 512 2412 facile
539 2365 635 2412 dici
659 2374 840 2429 potest,
873 2380 1073 2411 exosum
1099 2362 1323 2410 haberet!
1362 2361 1547 2421 Quibus
1569 2361 1796 2408 omnibus

378 2452 821 2507 quantumcumque
838 2441 925 2487 viri
941 2442 1227 2488 innocentiae
1246 2439 1665 2506 praejudicantibus
1675 2440 1706 2500 ¹,
1721 2455 1795 2486 ve-

379 2521 466 2567 luti
485 2520 584 2584 jam
606 2519 958 2584 praedamnatus
979 2528 1025 2565 et
1042 2517 1277 2583 supplicio
1299 2517 1518 2564 addictus
1535 2532 1563 2563 a
1580 2514 1797 2580 quolibet

381 2613 517 2661 aequo
539 2613 699 2644 rerum
721 2595 1042 2661 ponderatore
1058 2595 1216 2660 potuit
1235 2594 1472 2641 aestimari.
1500 2596 1597 2641 Nec
1616 2592 1668 2640 id
1682 2608 1794 2658 pro-

441 2786 476 2819 1.
508 2781 635 2818 Plutot
656 2782 786 2829 ipsius.

439 2842 477 2877 9.
508 2840 758 2887 Presudicato
778 2837 872 2876 dans
891 2838 926 2876 le
949 2851 1020 2877 ms.
