2054 3470
307 320 355 356 72
665 319 1008 358 HISTORIARUM
1035 310 1272 360 Lunovim
1298 323 1357 359 xl

305 406 542 455 ablatione
565 411 674 454 eum
694 407 934 454 retrahere
956 407 1098 456 bonis
1123 419 1172 456 et
1193 408 1461 457 salubribus
1484 410 1713 458 monitio-

305 483 446 531 nibus
472 494 777 531 conarentur.
808 486 938 542 Quas
965 485 1031 532 ita
1062 502 1209 550 parvo
1237 488 1483 534 aestimavit
1516 496 1567 534 ut
1593 487 1714 534 nihil

306 577 522 625 prorsus,
561 561 652 608 nisi
684 561 745 608 de
777 577 862 608 sua
895 562 1194 626 exsequenda
1227 563 1512 627 cupiditate,
1547 579 1714 611 curare

306 639 585 686 videretur¹.
622 642 693 685 An
728 654 843 686 vero
878 640 1188 704 postmodum
1224 635 1444 687 eamdem
1477 657 1715 688 summam

304 708 576 778 restituerit,
603 716 745 763 nobis
768 733 866 763 non
891 717 1001 763 satis
1026 727 1095 764 ‘est
1116 720 1461 782 compertum¹.
1491 721 1594 766 Hoc
1623 711 1713 766 sci·

305 811 409 841 mus
440 794 596 870 quod,
622 793 733 840 licet
756 810 785 840 a
811 793 985 857 quibus
1011 804 1176 841 mutua
1203 795 1514 860 exposcebat,
1546 795 1714 843 eadem

303 870 511 934 legaliter
541 872 607 918 eis
636 870 836 918 reddere
870 870 1196 935 polliceretur,
1237 871 1523 936 quibusdam
1554 882 1713 919 tamen

305 947 454 1008 nihil,
488 947 589 994 aliis
612 962 728 994 vero
760 963 872 993 cum
907 946 1225 996 diminutione
1264 958 1311 996 et
1333 948 1515 995 foenore
1550 965 1714 996 everso

306 1024 445 1072 fuisse
469 1025 699 1072 restituta.

369 1102 463 1149 Sed
485 1119 546 1148 ne
571 1102 778 1147 fructum
801 1102 874 1148 sui
899 1111 1013 1150 tunc
1034 1103 1096 1150 ad
1124 1103 1300 1166 regiam
1328 1119 1463 1150 suam
1485 1103 1718 1151 adventus

307 1180 378 1226 vel
409 1179 650 1226 occultare
682 1178 757 1224 vel
797 1179 1011 1242 neglectu
1050 1181 1287 1244 praeterire
1319 1180 1592 1241 videamur,
1627 1197 1717 1244 pro

309 1255 641 1302 reformatione
661 1255 850 1317 justitiae
872 1256 970 1303 duo
999 1257 1067 1303 ibi
1099 1257 1252 1304 edicta
1271 1274 1414 1317 nova,
1435 1267 1482 1304 et
1501 1258 1719 1322 perprius

307 1333 352 1378 in
371 1349 519 1395 regno
537 1332 732 1379 minime
748 1333 928 1388 audita,
947 1334 1095 1380 edidit
1108 1344 1154 1381 et
1168 1334 1399 1398 publicari
1414 1335 1545 1381 fecit:
1570 1351 1719 1381 unum

306 1427 428 1473 quo,
467 1410 554 1456 sub
587 1426 728 1474 poena
760 1410 1112 1458 confiscationis
1147 1412 1363 1475 corporis
1394 1421 1440 1458 et
1478 1411 1721 1458 bonorum

309 1488 326 1549 ζ
339 1487 417 1534 tali
450 1488 577 1533 enim
603 1503 746 1551 poena
768 1488 1048 1551 quotidiana
1071 1505 1154 1535 sua
1177 1488 1403 1535 mandata
1423 1487 1718 1551 sanciebat),

310 1564 611 1611 inhibebatur
629 1563 851 1611 omnibus
876 1565 1142 1627 regnicoliS,
1163 1565 1506 1629 cujuscumque
1528 1566 1718 1630 gradus,

307 1652 456 1689 status
482 1652 565 1689 aut
586 1642 875 1689 conditionis
896 1643 1195 1702 exsisterent,
1218 1653 1361 1708 atque
1395 1644 1539 1691 etiam
1566 1643 1724 1690 nomi-

362 1810 400 1845 1.
436 1825 453 1842 «
472 1810 576 1846 Vous
599 1807 854 1847 mandons....
885 1821 962 1858 que
986 1820 1084 1845 vous
1107 1820 1205 1846 vous
1236 1806 1488 1858 transportiez
1516 1818 1564 1844 en
1592 1814 1722 1844 nostre

308 1881 403 1906 cour
416 1867 464 1905 de
475 1868 709 1914 Parlement,
725 1875 762 1905 et
774 1867 876 1915 illec,
892 1875 1015 1904 toutes
1030 1866 1085 1904 les
1100 1865 1301 1904 chambres
1315 1865 1466 1903 d'icelle
1477 1863 1721 1913 assemblees‚

307 1927 557 1966 remonstriez
586 1926 776 1965 nosdictes
798 1925 1004 1964 necessite‘s
1027 1934 1064 1963 et
1085 1925 1262 1972 affaires,
1285 1932 1323 1962 et
1349 1924 1404 1962 les
1421 1936 1535 1976 grans
1563 1923 1666 1962 desii·
1688 1932 1725 1961 et

305 1986 486 2024 affection
514 1999 589 2037 que
619 1999 741 2024 avons
772 1986 821 2024 de
849 1998 1059 2024 recouvrer
1086 1984 1240 2023 lesdites
1268 1992 1411 2032 terres3
1437 1992 1475 2021 et
1499 1983 1589 2034 qu'a
1610 1997 1654 2021 ce
1675 1996 1724 2021 ne

307 2045 513 2097 pourrions
546 2045 695 2083 sournir
719 2058 806 2082 sans
837 2043 1005 2095 prendre
1033 2043 1207 2081 lesdictes
1239 2056 1404 2081 sommes
1435 2042 1660 2094 consignees
1688 2051 1727 2080 et

310 2104 496 2156 deposees
524 2113 604 2141 tant
628 2105 669 2142 es
691 2104 813 2141 mains
838 2103 891 2140 du
918 2103 1073 2154 greffier
1099 2103 1148 2141 de
1174 2103 1290 2141 ladite
1320 2116 1431 2150 cour,
1454 2115 1531 2153 que
1558 2101 1726 2140 d'autres

308 2177 518 2216 personnes
532 2180 542 2212 ;
558 2173 595 2201 et
607 2164 660 2201 les
674 2163 870 2201 exhortiez
883 2176 987 2213 que..
999 2191 1008 2200 .
1018 2191 1026 2199 .
1043 2162 1091 2199 ilz
1108 2161 1288 2199 venillent
1301 2160 1495 2199 consentir
1508 2173 1583 2210 que
1597 2160 1726 2199 icelles

309 2237 525 2264 somnies...
546 2237 643 2262 nous
666 2224 787 2262 soient
805 2223 964 2261 baillees
983 2231 1020 2261 et
1037 2222 1241 2270 delivrees,
1263 2234 1311 2259 en
1329 2221 1414 2259 leur
1429 2220 1573 2258 ossrant
1591 2220 1639 2257 de
1657 2233 1727 2271 par

309 2296 428 2330 nouS‚
457 2297 557 2334 pour
575 2284 612 2320 la
631 2282 846 2321 restitution
866 2283 1034 2321 d'icelles
1061 2290 1099 2320 et
1126 2281 1246 2319 deles
1268 2282 1447 2319 remettre
1479 2281 1519 2317 es
1545 2280 1666 2318 mains
1691 2289 1728 2318 et

307 2343 413 2380 lieux
432 2345 484 2381 οὺ
503 2343 596 2381 elles
614 2352 701 2382 sont
722 2343 770 2380 de
789 2342 961 2394 present,
982 2350 1087 2379 toute
1107 2341 1196 2379 telle
1213 2341 1364 2379 seurete
1382 2339 1475 2390 qu’il
1499 2338 1688 2378 semblera
1706 2342 1728 2377 ἐι

307 2402 418 2441 icelle
446 2411 578 2440 nostre
604 2415 700 2440 cour
721 2410 821 2440 estre
850 2404 872 2438 a
902 2402 997 2440 faire
1026 2409 1064 2438 et
1087 2398 1324 2437 convenable
1347 2411 1397 2435 en
1415 2406 1518 2436 ceste
1536 2398 1673 2448 partie.
1708 2417 1725 2434 ›-

308 2462 561 2502 Commission
581 2462 732 2500 donnee
754 2475 825 2512 par
842 2461 958 2499 Louis
977 2463 1049 2509 XI,
1069 2461 1105 2498 le
1131 2462 1182 2498 25
1201 2461 1293 2497 aofit
1311 2461 1431 2507 1463,
1456 2458 1617 2510 Lenglet
1639 2461 1729 2496 Du-

309 2523 481 2572 fresnoy,
505 2524 728 2569 commines,
751 2530 778 2558 t.
803 2524 857 2568 ΙΙ,
877 2535 918 2572 p,
941 2523 1033 2559 395.

364 2583 401 2621 2.
434 2581 467 2619 11
496 2581 615 2619 existe
647 2594 723 2618 une
750 2579 996 2618 commission
1025 2578 1175 2617 donnee
1204 2592 1253 2617 en
1284 2579 1408 2616 meme
1437 2585 1559 2628 temps
1587 2590 1664 2628 que
1692 2578 1731 2616 la

310 2640 542 2693 precedente
575 2644 597 2679 a
623 2654 677 2679 un
704 2653 890 2679 receveur
915 2639 968 2677 du
994 2639 1153 2686 Tresor,
1177 2641 1199 2676 a
1226 2639 1293 2689 qui
1321 2638 1347 2676 il
1378 2646 1435 2675 est
1465 2637 1638 2686 enjoint,
1662 2650 1732 2687 par

311 2700 456 2740 l'ordre
473 2701 509 2739 le
537 2701 624 2753 plus
652 2700 813 2746 absolu,
846 2699 1087 2749 d'employer
1110 2700 1132 2736 a
1157 2698 1193 2736 la
1221 2697 1436 2736 restitution
1462 2696 1518 2734 les
1545 2695 1732 2748 premiers

313 2762 466 2800 deniers
489 2761 582 2813 qu'il
611 2773 810 2813 percevra.
840 2761 1107 2798 Ordonnances
1127 2760 1194 2795 des
1218 2763 1292 2795 rois
1315 2760 1363 2794 de
1379 2759 1544 2804 France,
1569 2764 1597 2794 t.
1618 2757 1728 2801 XVI,

312 2836 352 2873 p.
376 2824 440 2859 57.
