2054 3470
405 300 456 337 20
775 299 1117 339 HISTORIARUM
1139 300 1377 339 LUDOVICI
1403 301 1461 339 XI

402 387 686 446 auctoritate⁶
703 387 990 453 procedere,
1013 406 1119 454 quae
1137 389 1296 437 omnia
1321 388 1656 453 hujuscemodi
1675 391 1821 438 vecti-

403 464 523 530 galia
545 474 687 529 atque
709 482 857 513 onera
880 466 940 514 de
963 484 1110 531 regno
1143 467 1329 515 auferre
1366 467 1684 516 recentissime
1705 485 1820 534 pro-

401 543 623 602 misisset,
645 542 870 590 adversus
894 544 1022 609 ipsos
1045 544 1272 592 officiales
1287 583 1299 605 ‚
1329 546 1398 592 ira
1420 555 1468 592 et
1492 545 1819 610 indignatione

397 621 628 686 permoti,
653 620 1032 682 insurrexerunt,
1059 622 1353 687 eosdemque
1371 660 1383 682 ,
1409 623 1499 670 nisi
1526 633 1710 671 mature
1735 641 1820 689 per

401 697 561 762 fugam
607 697 696 745 sibi
747 697 1051 745 consulentes
1100 716 1200 747 sese
1262 700 1608 760 occuluissent,
1657 700 1819 750 furore

399 775 617 823 saeviente
634 813 646 836 ‚
695 775 866 840 procul
909 774 1058 823 dubio
1098 778 1425 842 peremissent.
1480 778 1818 827 Existimabant

398 852 529 899 enim
561 868 638 912 ea,
665 867 771 915 quae
791 868 929 915 agere
951 851 1282 914 inchoassent,
1312 870 1481 902 eorum
1510 855 1708 903 avaritia
1734 871 1817 903 seu
1859 868 1861 870 ’

397 929 660 977 temeritate
694 928 977 992 procedere,
1018 945 1116 976 non
1149 931 1286 994 jussu
1323 932 1472 996 regis,
1510 933 1621 996 qui,
1655 932 1819 998 paucis

395 1007 721 1072 proximisque
755 1015 865 1052 ante
888 1005 1080 1068 diebus,
1122 1008 1189 1054 eis
1225 1008 1385 1073 palam
1423 1009 1661 1074 pollicitus
1699 1019 1820 1058 esset

397 1086 560 1133 omnia
594 1083 871 1147 hujusmodi
905 1084 1150 1148 vectigalia
1185 1087 1487 1151 exstinguere
1521 1097 1568 1135 et
1603 1087 1813 1136 abolere.

398 1162 536 1209 Unde
567 1163 616 1208 in
647 1161 822 1208 domos
859 1161 1134 1210 officialium
1162 1163 1438 1228 hujusmodi
1463 1166 1724 1227 irruentes,
1750 1166 1818 1213 eis

396 1240 594 1287 minime
628 1236 848 1305 repertiS,
881 1240 1128 1288 inventam
1161 1241 1256 1289 illic
1292 1242 1666 1309 suppellectilem
1702 1243 1817 1291 diri-

395 1326 606 1383 puerunt
624 1326 672 1363 et
695 1318 893 1381 registra
913 1335 1112 1366 suorum
1146 1319 1416 1367 officiorum
1441 1321 1517 1369 vel
1549 1320 1820 1369 lacerarunt

396 1395 471 1442 vel
490 1405 783 1442 exusserunt.
813 1398 929 1454 Quae
955 1413 1030 1444 res
1062 1397 1298 1461 insignem
1324 1397 1454 1445 illam
1479 1409 1526 1447 et
1558 1399 1820 1446 vetustissi-

396 1489 525 1520 mam
547 1472 717 1520 urbem
738 1474 786 1520 in
814 1491 1041 1538 magnum
1066 1476 1322 1523 discrimen
1347 1477 1710 1542 periculumque
1732 1477 1818 1526 ad-

393 1549 545 1597 duxit.
572 1550 706 1597 lllico
725 1551 856 1598 enim
875 1561 928 1598 ut
949 1553 1050 1615 ejus
1081 1554 1149 1600 rei
1174 1553 1299 1601 fama
1321 1553 1383 1601 ad
1406 1570 1544 1601 aures
1567 1554 1691 1619 regis
1711 1571 1817 1620 per—

392 1628 552 1690 venit,
579 1628 732 1675 missis
774 1630 1056 1677 exercitibus
1095 1640 1142 1678 et
1178 1631 1375 1697 copiosa
1417 1631 1605 1690 militia,
1648 1631 1815 1680 urbem

394 1706 545 1770 ipsam
565 1708 882 1755 exterminare
903 1699 1226 1774 proponebat,
1247 1711 1335 1757 nisi
1360 1710 1503 1758 celeri
1518 1711 1816 1775 poenitudine

393 1783 520 1830 cives
539 1783 627 1830 sibi
643 1786 842 1832 solerter
862 1787 1169 1851 providentes
1182 1825 1195 1849 ,
1223 1788 1365 1835 tantis
1385 1787 1606 1852 periculis
1627 1787 1814 1835 obvias·

395 1873 517 1909 sent.
571 1866 692 1910 Cum
741 1865 900 1928 itaque
950 1866 1184 1912 exercitus
1233 1882 1374 1928 agros
1418 1865 1595 1912 civitati
1634 1865 1816 1913 vicinos

393 1956 656 2005 pervagans
691 1941 861 1988 diebus
897 1942 1061 2006 paucis
1104 1942 1405 2007 populasset,
1442 1958 1648 2006 praesens
1679 1952 1728 1989 et
1763 1942 1814 1989 in

393 2016 576 2064 foribus
597 2018 852 2065 imminens
867 2019 1087 2076 exitium,
1109 2019 1191 2083 qui
1210 2019 1505 2084 potentiores
1523 2029 1569 2066 et
1594 2019 1814 2072 meliores

392 2096 442 2142 in
462 2095 651 2142 civitate
675 2106 836 2155 erant,
862 2097 1193 2161 inspicientes,
1218 2113 1317 2143 sese
1352 2096 1501 2156 clam,
1539 2090 1814 2144 armissscor-

392 2173 565 2238 reptis‚
608 2174 656 2219 in
700 2190 853 2220 unum
893 2190 1064 2236 agmen
1093 2184 1352 2238 coegerunt
1388 2184 1460 2236 et,
1503 2173 1815 2239 apprehensis

392 2249 636 2296 nonnullis
658 2267 714 2296 ex
734 2250 1030 2315 plebeiorum
1052 2260 1174 2298 statu
1195 2287 1207 2311 ,
1233 2251 1316 2315 qui
1333 2250 1580 2298 seditionis
1598 2259 1646 2298 et
1663 2250 1816 2298 insur-

393 2329 617 2376 rectionis
641 2329 771 2376 factae
794 2340 1014 2378 auctores
1047 2331 1352 2391 exstitissent,
1380 2329 1614 2376 miserunt
1633 2330 1815 2393 legatos

393 2406 456 2454 ad
486 2406 633 2453 duces
661 2408 894 2454 exercitus
925 2418 972 2455 et
1004 2409 1254 2472 magistros
1288 2407 1492 2454 militum
1523 2407 1712 2456 veniam
1739 2423 1815 2455 ex-

393 2485 704 2551 postulantes.
737 2489 841 2532 Non
875 2487 1003 2533 enim
1037 2503 1093 2534 ex
1122 2486 1324 2533 civitatis
1357 2485 1702 2533 deliberatione
1731 2502 1812 2533 seu

393 2563 587 2610 decreto
603 2599 614 2621 ‚
636 2564 710 2610 vel
732 2564 1094 2611 assentientibus
1113 2564 1327 2611 honestis
1349 2563 1557 2625 civibus,
1585 2564 1669 2611 sed
1699 2580 1814 2629 pau-

394 2658 564 2688 corum
579 2641 640 2688 de
655 2641 826 2688 humili
850 2641 989 2706 plebe
1006 2643 1210 2689 factione
1227 2680 1239 2703 ,
1262 2641 1438 2706 quibus
1454 2650 1557 2688 tum
1575 2641 1815 2688 honestio-

394 2718 553 2779 ribus,
580 2729 709 2767 metu
731 2729 979 2784 premente
994 2758 1005 2779 ,
1033 2719 1227 2767 facultas
1251 2735 1350 2766 non
1374 2719 1528 2766 fuerat
1551 2718 1808 2776 obsistere,

396 2797 655 2845 tumultum
692 2795 973 2860 hujusmodi
1021 2796 1304 2861 turbamque
1346 2796 1488 2843 fuisse
1527 2796 1806 2853 suscitatos;
