<?xml version="1.0" encoding="UTF-8"?>
<!DOCTYPE html PUBLIC "-//W3C//DTD XHTML 1.0 Transitional//EN"
    "http://www.w3.org/TR/xhtml1/DTD/xhtml1-transitional.dtd">
<html xmlns="http://www.w3.org/1999/xhtml" xml:lang="en" lang="en">
 <head>
  <title>
</title>
<meta http-equiv="Content-Type" content="text/html;charset=utf-8" />
  <meta name='ocr-system' content='tesseract 3.04.00' />
  <meta name='ocr-capabilities' content='ocr_page ocr_carea ocr_par ocr_line ocrx_word'/>
</head>
<body>
  <div class='ocr_page' id='page_1' title='image "./histoiredesrgn02basiuoft_0213.png"; bbox 0 0 2054 3470; ppageno 0'>
   <div class='ocr_carea' id='block_1_1' title="bbox 0 2617 24 3362">
    <p class='ocr_par' dir='ltr' id='par_1_1' title="bbox 0 2617 24 3362">
     <span class='ocr_line' id='line_1_1' title="bbox 0 2617 24 3362; baseline 0 108"><span class='ocrx_word' id='word_1_1' title='bbox 0 2617 24 3362; x_wconf 95' lang='lat' dir='ltr'><strong> </strong></span> 
     </span>
    </p>
   </div>
   <div class='ocr_carea' id='block_1_2' title="bbox 673 290 1611 332">
    <p class='ocr_par' dir='ltr' id='par_1_2' title="bbox 673 290 1611 332">
     <span class='ocr_line' id='line_1_2' title="bbox 673 290 1611 332; baseline 0.002 -2"><span class='ocrx_word' id='word_1_2' title='bbox 673 292 822 330; x_wconf 85' lang='lat' dir='ltr'>LIBER</span> <span class='ocrx_word' id='word_1_3' title='bbox 849 290 1118 330; x_wconf 85' lang='lat' dir='ltr'><strong>SECUNDUS.</strong></span> <span class='ocrx_word' id='word_1_4' title='bbox 1533 293 1611 332; x_wconf 78' lang='lat'><strong>129</strong></span> 
     </span>
    </p>
   </div>
   <div class='ocr_carea' id='block_1_3' title="bbox 151 377 1627 1986">
    <p class='ocr_par' dir='ltr' id='par_1_3' title="bbox 151 377 1627 1986">
     <span class='ocr_line' id='line_1_3' title="bbox 194 377 1609 445; baseline 0.001 -16"><span class='ocrx_word' id='word_1_5' title='bbox 194 382 337 431; x_wconf 86' lang='lat' dir='ltr'><strong>tutari</strong></span> <span class='ocrx_word' id='word_1_6' title='bbox 381 389 527 445; x_wconf 88' lang='lat' dir='ltr'><strong>atque</strong></span> <span class='ocrx_word' id='word_1_7' title='bbox 581 377 838 426; x_wconf 85' lang='lat' dir='ltr'><strong>defendere</strong></span> <span class='ocrx_word' id='word_1_8' title='bbox 860 413 882 438; x_wconf 85' lang='grc'><strong>,,</strong></span> <span class='ocrx_word' id='word_1_9' title='bbox 919 386 1017 426; x_wconf 88' lang='lat' dir='ltr'><strong>tam</strong></span> <span class='ocrx_word' id='word_1_10' title='bbox 1056 386 1225 425; x_wconf 89' lang='lat' dir='ltr'><strong>contra</strong></span> <span class='ocrx_word' id='word_1_11' title='bbox 1260 394 1421 443; x_wconf 87' lang='lat' dir='ltr'><strong>regem</strong></span> <span class='ocrx_word' id='word_1_12' title='bbox 1460 380 1609 445; x_wconf 84' lang='lat' dir='ltr'><strong>quam</strong></span> 
     </span>
     <span class='ocr_line' id='line_1_4' title="bbox 195 446 1609 524; baseline -0.001 -15"><span class='ocrx_word' id='word_1_13' title='bbox 195 446 343 509; x_wconf 86' lang='lat' dir='ltr'><strong>alium</strong></span> <span class='ocrx_word' id='word_1_14' title='bbox 377 473 732 524; x_wconf 91' lang='lat' dir='ltr'><strong>quemcumque</strong></span> <span class='ocrx_word' id='word_1_15' title='bbox 762 456 845 520; x_wconf 88' lang='lat' dir='ltr'><strong>qui</strong></span> <span class='ocrx_word' id='word_1_16' title='bbox 883 472 967 503; x_wconf 92' lang='lat' dir='ltr'><strong>eos</strong></span> <span class='ocrx_word' id='word_1_17' title='bbox 1003 457 1233 522; x_wconf 86' lang='lat' dir='ltr'><strong>impetere</strong></span> <span class='ocrx_word' id='word_1_18' title='bbox 1262 457 1339 505; x_wconf 82' lang='lat' dir='ltr'><strong>vel</strong></span> <span class='ocrx_word' id='word_1_19' title='bbox 1372 457 1609 507; x_wconf 87' lang='lat' dir='ltr'><strong>ullatenus</strong></span> 
     </span>
     <span class='ocr_line' id='line_1_5' title="bbox 196 533 1608 601; baseline -0.003 -14"><span class='ocrx_word' id='word_1_20' title='bbox 196 539 447 587; x_wconf 82' lang='lat' dir='ltr'><strong>molestare</strong></span> <span class='ocrx_word' id='word_1_21' title='bbox 479 552 564 584; x_wconf 91' lang='lat' dir='ltr'><strong>seu</strong></span> <span class='ocrx_word' id='word_1_22' title='bbox 598 534 861 600; x_wconf 89' lang='lat' dir='ltr'><strong>inquietare</strong></span> <span class='ocrx_word' id='word_1_23' title='bbox 892 534 1052 595; x_wconf 85' lang='lat' dir='ltr'><strong>vellet,</strong></span> <span class='ocrx_word' id='word_1_24' title='bbox 1089 533 1413 583; x_wconf 89' lang='lat' dir='ltr'><strong>deliberarunt</strong></span> <span class='ocrx_word' id='word_1_25' title='bbox 1448 536 1608 601; x_wconf 90' lang='lat' dir='ltr'><strong>ipsum</strong></span> 
     </span>
     <span class='ocr_line' id='line_1_6' title="bbox 197 611 1609 678; baseline -0.003 -14"><span class='ocrx_word' id='word_1_26' title='bbox 197 633 309 667; x_wconf 90' lang='lat' dir='ltr'><strong>cum</strong></span> <span class='ocrx_word' id='word_1_27' title='bbox 337 624 436 663; x_wconf 89' lang='lat' dir='ltr'><strong>toto</strong></span> <span class='ocrx_word' id='word_1_28' title='bbox 467 612 696 661; x_wconf 87' lang='lat' dir='ltr'><strong>comitatu</strong></span> <span class='ocrx_word' id='word_1_29' title='bbox 729 628 818 658; x_wconf 93' lang='lat' dir='ltr'><strong>suo</strong></span> <span class='ocrx_word' id='word_1_30' title='bbox 842 612 968 659; x_wconf 90' lang='lat' dir='ltr'><strong>intra</strong></span> <span class='ocrx_word' id='word_1_31' title='bbox 987 611 1157 659; x_wconf 92' lang='lat' dir='ltr'><strong>urbem</strong></span> <span class='ocrx_word' id='word_1_32' title='bbox 1180 613 1419 678; x_wconf 90' lang='lat' dir='ltr'><strong>recipere,</strong></span> <span class='ocrx_word' id='word_1_33' title='bbox 1447 622 1495 660; x_wconf 89' lang='lat' dir='ltr'><strong>et</strong></span> <span class='ocrx_word' id='word_1_34' title='bbox 1514 613 1609 660; x_wconf 91' lang='lat' dir='ltr'><strong>do-</strong></span> 
     </span>
     <span class='ocr_line' id='line_1_7' title="bbox 197 689 1608 755; baseline -0.003 -13"><span class='ocrx_word' id='word_1_35' title='bbox 197 694 330 748; x_wconf 88' lang='lat' dir='ltr'><strong>mino</strong></span> <span class='ocrx_word' id='word_1_36' title='bbox 362 690 534 740; x_wconf 91' lang='lat' dir='ltr'><strong>Carolo</strong></span> <span class='ocrx_word' id='word_1_37' title='bbox 566 690 615 736; x_wconf 91' lang='lat' dir='ltr'><strong>in</strong></span> <span class='ocrx_word' id='word_1_38' title='bbox 652 689 752 754; x_wconf 92' lang='lat' dir='ltr'><strong>ejus</strong></span> <span class='ocrx_word' id='word_1_39' title='bbox 778 706 986 754; x_wconf 88' lang='lat' dir='ltr'><strong>persona</strong></span> <span class='ocrx_word' id='word_1_40' title='bbox 1005 727 1018 751; x_wconf 97' lang='lat'><strong>,</strong></span> <span class='ocrx_word' id='word_1_41' title='bbox 1054 698 1286 755; x_wconf 84' lang='lat' dir='ltr'><strong>tanquam</strong></span> <span class='ocrx_word' id='word_1_42' title='bbox 1308 691 1457 755; x_wconf 92' lang='lat' dir='ltr'><strong>ipsius</strong></span> <span class='ocrx_word' id='word_1_43' title='bbox 1479 691 1608 738; x_wconf 85' lang='lat' dir='ltr'><strong>vices</strong></span> 
     </span>
     <span class='ocr_line' id='line_1_8' title="bbox 198 767 1609 838; baseline -0.002 -18"><span class='ocrx_word' id='word_1_44' title='bbox 198 771 420 838; x_wconf 85' lang='lat' dir='ltr'><strong>gerentis,</strong></span> <span class='ocrx_word' id='word_1_45' title='bbox 445 767 683 816; x_wconf 88' lang='lat' dir='ltr'><strong>fidelitatis</strong></span> <span class='ocrx_word' id='word_1_46' title='bbox 706 777 926 833; x_wconf 86' lang='lat' dir='ltr'><strong>praestare</strong></span> <span class='ocrx_word' id='word_1_47' title='bbox 944 768 1216 832; x_wconf 87' lang='lat' dir='ltr'><strong>juramenta</strong></span> <span class='ocrx_word' id='word_1_48' title='bbox 1240 787 1251 816; x_wconf 85' lang='lat' dir='ltr'><strong><em>z</em></strong></span> <span class='ocrx_word' id='word_1_49' title='bbox 1284 768 1609 834; x_wconf 82' lang='lat' dir='ltr'><strong>quemadmo-</strong></span> 
     </span>
     <span class='ocr_line' id='line_1_9' title="bbox 197 845 1613 912; baseline -0.001 -15"><span class='ocrx_word' id='word_1_50' title='bbox 197 848 315 898; x_wconf 88' lang='lat' dir='ltr'><strong>dum</strong></span> <span class='ocrx_word' id='word_1_51' title='bbox 336 857 384 895; x_wconf 89' lang='lat' dir='ltr'><strong>et</strong></span> <span class='ocrx_word' id='word_1_52' title='bbox 406 846 636 894; x_wconf 87' lang='lat' dir='ltr'><strong>fecerunt.</strong></span> <span class='ocrx_word' id='word_1_53' title='bbox 671 847 841 909; x_wconf 88' lang='lat' dir='ltr'><strong>Magna</strong></span> <span class='ocrx_word' id='word_1_54' title='bbox 867 845 934 892; x_wconf 92' lang='lat' dir='ltr'><strong>eis</strong></span> <span class='ocrx_word' id='word_1_55' title='bbox 964 845 1143 911; x_wconf 90' lang='lat' dir='ltr'><strong>quippe</strong></span> <span class='ocrx_word' id='word_1_56' title='bbox 1173 846 1478 911; x_wconf 85' lang='lat' dir='ltr'><strong>ingerebatur</strong></span> <span class='ocrx_word' id='word_1_57' title='bbox 1505 863 1613 912; x_wconf 89' lang='lat' dir='ltr'><strong>spes</strong></span> 
     </span>
     <span class='ocr_line' id='line_1_10' title="bbox 198 921 1609 989; baseline -0.001 -15"><span class='ocrx_word' id='word_1_58' title='bbox 198 925 259 974; x_wconf 89' lang='lat' dir='ltr'><strong>de</strong></span> <span class='ocrx_word' id='word_1_59' title='bbox 291 940 468 989; x_wconf 86' lang='lat' dir='ltr'><strong>magno</strong></span> <span class='ocrx_word' id='word_1_60' title='bbox 501 923 637 972; x_wconf 89' lang='lat' dir='ltr'><strong>bono</strong></span> <span class='ocrx_word' id='word_1_61' title='bbox 672 933 719 970; x_wconf 87' lang='lat' dir='ltr'><strong>et</strong></span> <span class='ocrx_word' id='word_1_62' title='bbox 746 923 815 970; x_wconf 92' lang='lat' dir='ltr'><strong>rei</strong></span> <span class='ocrx_word' id='word_1_63' title='bbox 839 921 1042 988; x_wconf 86' lang='lat' dir='ltr'><strong>publicae</strong></span> <span class='ocrx_word' id='word_1_64' title='bbox 1063 924 1210 971; x_wconf 87' lang='lat' dir='ltr'><strong>totius</strong></span> <span class='ocrx_word' id='word_1_65' title='bbox 1232 924 1367 989; x_wconf 89' lang='lat' dir='ltr'><strong>regni</strong></span> <span class='ocrx_word' id='word_1_66' title='bbox 1388 924 1609 989; x_wconf 89' lang='lat' dir='ltr'><strong>perutili,</strong></span> 
     </span>
     <span class='ocr_line' id='line_1_11' title="bbox 197 999 1614 1068; baseline -0.001 -18"><span class='ocrx_word' id='word_1_67' title='bbox 197 1001 328 1067; x_wconf 78' lang='lat' dir='ltr'><strong>quod</strong></span> <span class='ocrx_word' id='word_1_68' title='bbox 359 1002 636 1068; x_wconf 86' lang='lat' dir='ltr'><strong>principum</strong></span> <span class='ocrx_word' id='word_1_69' title='bbox 672 1000 807 1065; x_wconf 88' lang='lat' dir='ltr'><strong>regni</strong></span> <span class='ocrx_word' id='word_1_70' title='bbox 841 999 1107 1048; x_wconf 91' lang='lat' dir='ltr'><strong>solemnem</strong></span> <span class='ocrx_word' id='word_1_71' title='bbox 1150 1000 1287 1049; x_wconf 90' lang='lat' dir='ltr'><strong>illum</strong></span> <span class='ocrx_word' id='word_1_72' title='bbox 1322 1012 1614 1049; x_wconf 91' lang='lat' dir='ltr'><strong>conventum</strong></span> 
     </span>
     <span class='ocr_line' id='line_1_12' title="bbox 196 1077 1616 1146; baseline 0 -18"><span class='ocrx_word' id='word_1_73' title='bbox 196 1079 449 1129; x_wconf 86' lang='lat' dir='ltr'><strong>allaturum</strong></span> <span class='ocrx_word' id='word_1_74' title='bbox 467 1078 764 1146; x_wconf 74' lang='lat' dir='ltr'><strong>Jactitabant.</strong></span> <span class='ocrx_word' id='word_1_75' title='bbox 801 1080 918 1137; x_wconf 84' lang='lat' dir='ltr'><strong>Quae</strong></span> <span class='ocrx_word' id='word_1_76' title='bbox 946 1095 1020 1126; x_wconf 91' lang='lat' dir='ltr'><strong>res</strong></span> <span class='ocrx_word' id='word_1_77' title='bbox 1044 1077 1106 1126; x_wconf 87' lang='lat' dir='ltr'><strong>ad</strong></span> <span class='ocrx_word' id='word_1_78' title='bbox 1127 1087 1224 1127; x_wconf 89' lang='lat' dir='ltr'><strong>tam</strong></span> <span class='ocrx_word' id='word_1_79' title='bbox 1246 1079 1380 1128; x_wconf 87' lang='lat' dir='ltr'><strong>facile</strong></span> <span class='ocrx_word' id='word_1_80' title='bbox 1407 1096 1510 1128; x_wconf 89' lang='lat' dir='ltr'><strong>sese</strong></span> <span class='ocrx_word' id='word_1_81' title='bbox 1534 1079 1616 1128; x_wconf 92' lang='lat' dir='ltr'><strong>de-</strong></span> 
     </span>
     <span class='ocr_line' id='line_1_13' title="bbox 197 1155 1617 1222; baseline 0 -17"><span class='ocrx_word' id='word_1_82' title='bbox 197 1156 413 1218; x_wconf 88' lang='lat' dir='ltr'><strong>dendum</strong></span> <span class='ocrx_word' id='word_1_83' title='bbox 443 1173 528 1204; x_wconf 91' lang='lat' dir='ltr'><strong>eos</strong></span> <span class='ocrx_word' id='word_1_84' title='bbox 564 1155 785 1216; x_wconf 83' lang='lat' dir='ltr'><strong>adduxit3</strong></span> <span class='ocrx_word' id='word_1_85' title='bbox 818 1155 960 1202; x_wconf 89' lang='lat' dir='ltr'><strong>simul</strong></span> <span class='ocrx_word' id='word_1_86' title='bbox 982 1155 1124 1203; x_wconf 89' lang='lat' dir='ltr'><strong>etiam</strong></span> <span class='ocrx_word' id='word_1_87' title='bbox 1146 1156 1278 1220; x_wconf 92' lang='lat' dir='ltr'><strong>quod</strong></span> <span class='ocrx_word' id='word_1_88' title='bbox 1293 1194 1306 1219; x_wconf 90' lang='lat'>‚</span> <span class='ocrx_word' id='word_1_89' title='bbox 1332 1173 1390 1204; x_wconf 86' lang='lat' dir='ltr'><strong>ex</strong></span> <span class='ocrx_word' id='word_1_90' title='bbox 1412 1155 1488 1204; x_wconf 94' lang='lat' dir='ltr'><strong>his</strong></span> <span class='ocrx_word' id='word_1_91' title='bbox 1511 1173 1617 1222; x_wconf 85' lang='lat' dir='ltr'><strong>quae</strong></span> 
     </span>
     <span class='ocr_line' id='line_1_14' title="bbox 197 1231 1618 1300; baseline 0 -18"><span class='ocrx_word' id='word_1_92' title='bbox 197 1234 533 1300; x_wconf 84' lang='lat' dir='ltr'><strong>experimentis</strong></span> <span class='ocrx_word' id='word_1_93' title='bbox 554 1232 714 1281; x_wconf 90' lang='lat' dir='ltr'><strong>multis</strong></span> <span class='ocrx_word' id='word_1_94' title='bbox 732 1231 1072 1298; x_wconf 85' lang='lat' dir='ltr'><strong>probaverant,</strong></span> <span class='ocrx_word' id='word_1_95' title='bbox 1099 1232 1160 1280; x_wconf 91' lang='lat' dir='ltr'><strong>de</strong></span> <span class='ocrx_word' id='word_1_96' title='bbox 1182 1232 1326 1280; x_wconf 86' lang='lat' dir='ltr'><strong>rebus</strong></span> <span class='ocrx_word' id='word_1_97' title='bbox 1347 1251 1433 1299; x_wconf 90' lang='lat' dir='ltr'><strong>per</strong></span> <span class='ocrx_word' id='word_1_98' title='bbox 1455 1251 1618 1298; x_wconf 88' lang='lat' dir='ltr'><strong>regem</strong></span> 
     </span>
     <span class='ocr_line' id='line_1_15' title="bbox 200 1304 1620 1377; baseline 0.001 -18"><span class='ocrx_word' id='word_1_99' title='bbox 200 1312 342 1375; x_wconf 90' lang='lat' dir='ltr'><strong>gestis</strong></span> <span class='ocrx_word' id='word_1_100' title='bbox 356 1349 369 1371; x_wconf 88' lang='lat'>‚</span> <span class='ocrx_word' id='word_1_101' title='bbox 391 1304 550 1359; x_wconf 84' lang='lat' dir='ltr'><strong>talem</strong></span> <span class='ocrx_word' id='word_1_102' title='bbox 571 1311 632 1359; x_wconf 88' lang='lat' dir='ltr'><strong>de</strong></span> <span class='ocrx_word' id='word_1_103' title='bbox 654 1328 713 1359; x_wconf 93' lang='lat' dir='ltr'><strong>eo</strong></span> <span class='ocrx_word' id='word_1_104' title='bbox 742 1310 890 1358; x_wconf 82' lang='lat' dir='ltr'><strong>ferme</strong></span> <span class='ocrx_word' id='word_1_105' title='bbox 913 1327 1080 1358; x_wconf 92' lang='lat' dir='ltr'><strong>omnes</strong></span> <span class='ocrx_word' id='word_1_106' title='bbox 1104 1321 1387 1377; x_wconf 87' lang='lat' dir='ltr'><strong>acceperant</strong></span> <span class='ocrx_word' id='word_1_107' title='bbox 1415 1313 1620 1360; x_wconf 89' lang='lat' dir='ltr'><strong>aestima-</strong></span> 
     </span>
     <span class='ocr_line' id='line_1_16' title="bbox 201 1387 1622 1454; baseline 0.001 -18"><span class='ocrx_word' id='word_1_108' title='bbox 201 1390 383 1436; x_wconf 89' lang='lat' dir='ltr'><strong>tionem</strong></span> <span class='ocrx_word' id='word_1_109' title='bbox 395 1423 409 1449; x_wconf 90' lang='lat'><strong>,</strong></span> <span class='ocrx_word' id='word_1_110' title='bbox 446 1388 581 1453; x_wconf 91' lang='lat' dir='ltr'><strong>quod</strong></span> <span class='ocrx_word' id='word_1_111' title='bbox 611 1387 700 1436; x_wconf 91' lang='lat' dir='ltr'><strong>sub</strong></span> <span class='ocrx_word' id='word_1_112' title='bbox 717 1387 908 1436; x_wconf 89' lang='lat' dir='ltr'><strong>alterius</strong></span> <span class='ocrx_word' id='word_1_113' title='bbox 923 1404 1069 1435; x_wconf 92' lang='lat' dir='ltr'><strong>manu</strong></span> <span class='ocrx_word' id='word_1_114' title='bbox 1089 1387 1313 1436; x_wconf 85' lang='lat' dir='ltr'><strong>devenire</strong></span> <span class='ocrx_word' id='word_1_115' title='bbox 1332 1405 1422 1454; x_wconf 88' lang='lat' dir='ltr'><strong>pro</strong></span> <span class='ocrx_word' id='word_1_116' title='bbox 1446 1405 1622 1453; x_wconf 90' lang='lat' dir='ltr'><strong>magna</strong></span> 
     </span>
     <span class='ocr_line' id='line_1_17' title="bbox 201 1464 1621 1530; baseline 0.001 -18"><span class='ocrx_word' id='word_1_117' title='bbox 201 1464 419 1514; x_wconf 86' lang='lat' dir='ltr'><strong>felicitate</strong></span> <span class='ocrx_word' id='word_1_118' title='bbox 454 1464 695 1513; x_wconf 88' lang='lat' dir='ltr'><strong>ducebant</strong></span> <span class='ocrx_word' id='word_1_119' title='bbox 713 1502 727 1527; x_wconf 92' lang='lat'><strong>,</strong></span> <span class='ocrx_word' id='word_1_120' title='bbox 764 1464 914 1512; x_wconf 91' lang='lat' dir='ltr'><strong>modo</strong></span> <span class='ocrx_word' id='word_1_121' title='bbox 938 1464 1040 1512; x_wconf 88' lang='lat' dir='ltr'><strong>talis</strong></span> <span class='ocrx_word' id='word_1_122' title='bbox 1063 1465 1186 1513; x_wconf 88' lang='lat' dir='ltr'><strong>foret</strong></span> <span class='ocrx_word' id='word_1_123' title='bbox 1202 1467 1285 1530; x_wconf 92' lang='lat' dir='ltr'><strong>qui</strong></span> <span class='ocrx_word' id='word_1_124' title='bbox 1307 1475 1475 1514; x_wconf 88' lang='lat' dir='ltr'><strong>contra</strong></span> <span class='ocrx_word' id='word_1_125' title='bbox 1496 1467 1621 1530; x_wconf 88' lang='lat' dir='ltr'><strong>regis</strong></span> 
     </span>
     <span class='ocr_line' id='line_1_18' title="bbox 151 1542 1615 1609; baseline 0 -19"><span class='ocrx_word' id='word_1_126' title='bbox 151 1600 156 1606; x_wconf 89' lang='lat'>.</span> <span class='ocrx_word' id='word_1_127' title='bbox 204 1543 413 1609; x_wconf 90' lang='lat' dir='ltr'><strong>impetus</strong></span> <span class='ocrx_word' id='word_1_128' title='bbox 432 1553 681 1609; x_wconf 87' lang='lat' dir='ltr'><strong>protegere</strong></span> <span class='ocrx_word' id='word_1_129' title='bbox 703 1559 786 1590; x_wconf 90' lang='lat' dir='ltr'><strong>eos</strong></span> <span class='ocrx_word' id='word_1_130' title='bbox 804 1552 852 1590; x_wconf 89' lang='lat' dir='ltr'><strong>et</strong></span> <span class='ocrx_word' id='word_1_131' title='bbox 872 1542 1138 1590; x_wconf 89' lang='lat' dir='ltr'><strong>incolumes</strong></span> <span class='ocrx_word' id='word_1_132' title='bbox 1155 1559 1343 1591; x_wconf 89' lang='lat' dir='ltr'><strong>servare</strong></span> <span class='ocrx_word' id='word_1_133' title='bbox 1364 1543 1615 1609; x_wconf 89' lang='lat' dir='ltr'><strong>potuisset.</strong></span> 
     </span>
     <span class='ocr_line' id='line_1_19' title="bbox 204 1620 1621 1687; baseline 0.001 -20"><span class='ocrx_word' id='word_1_134' title='bbox 204 1623 243 1667; x_wconf 90' lang='lat' dir='ltr'>E</span> <span class='ocrx_word' id='word_1_135' title='bbox 265 1621 452 1670; x_wconf 83' lang='lat' dir='ltr'><strong>diverso</strong></span> <span class='ocrx_word' id='word_1_136' title='bbox 474 1637 590 1669; x_wconf 82' lang='lat' dir='ltr'><strong>vero</strong></span> <span class='ocrx_word' id='word_1_137' title='bbox 616 1620 871 1668; x_wconf 89' lang='lat' dir='ltr'><strong>dominum</strong></span> <span class='ocrx_word' id='word_1_138' title='bbox 894 1621 1136 1683; x_wconf 88' lang='lat' dir='ltr'><strong>Carolum,</strong></span> <span class='ocrx_word' id='word_1_139' title='bbox 1161 1630 1360 1687; x_wconf 86' lang='lat' dir='ltr'><strong>propter</strong></span> <span class='ocrx_word' id='word_1_140' title='bbox 1380 1622 1621 1685; x_wconf 85' lang='lat' dir='ltr'><strong>egregiam</strong></span> 
     </span>
     <span class='ocr_line' id='line_1_20' title="bbox 204 1698 1626 1764; baseline 0 -18"><span class='ocrx_word' id='word_1_141' title='bbox 204 1698 351 1764; x_wconf 90' lang='lat' dir='ltr'><strong>ipsius</strong></span> <span class='ocrx_word' id='word_1_142' title='bbox 368 1698 584 1754; x_wconf 88' lang='lat' dir='ltr'><strong>indolem</strong></span> <span class='ocrx_word' id='word_1_143' title='bbox 601 1707 743 1763; x_wconf 89' lang='lat' dir='ltr'><strong>atque</strong></span> <span class='ocrx_word' id='word_1_144' title='bbox 761 1698 976 1758; x_wconf 78' lang='lat' dir='ltr'><strong>virtutes,</strong></span> <span class='ocrx_word' id='word_1_145' title='bbox 1002 1714 1106 1762; x_wconf 88' lang='lat' dir='ltr'><strong>quae</strong></span> <span class='ocrx_word' id='word_1_146' title='bbox 1124 1714 1153 1746; x_wconf 86' lang='lat' dir='ltr'><strong>a</strong></span> <span class='ocrx_word' id='word_1_147' title='bbox 1171 1699 1355 1746; x_wconf 90' lang='lat' dir='ltr'><strong>cunctis</strong></span> <span class='ocrx_word' id='word_1_148' title='bbox 1373 1698 1626 1763; x_wconf 84' lang='lat' dir='ltr'><strong>regnicolis</strong></span> 
     </span>
     <span class='ocr_line' id='line_1_21' title="bbox 205 1774 1621 1842; baseline 0.001 -20"><span class='ocrx_word' id='word_1_149' title='bbox 205 1777 390 1840; x_wconf 85' lang='lat' dir='ltr'><strong>maguis</strong></span> <span class='ocrx_word' id='word_1_150' title='bbox 417 1775 764 1824; x_wconf 83' lang='lat' dir='ltr'><strong>extollebantur</strong></span> <span class='ocrx_word' id='word_1_151' title='bbox 784 1774 1032 1836; x_wconf 84' lang='lat' dir='ltr'><strong>laudibus,</strong></span> <span class='ocrx_word' id='word_1_152' title='bbox 1057 1776 1320 1841; x_wconf 89' lang='lat' dir='ltr'><strong>plurimum</strong></span> <span class='ocrx_word' id='word_1_153' title='bbox 1344 1775 1621 1842; x_wconf 87' lang='lat' dir='ltr'><strong>diligebant,</strong></span> 
     </span>
     <span class='ocr_line' id='line_1_22' title="bbox 205 1853 1627 1902; baseline 0 -1"><span class='ocrx_word' id='word_1_154' title='bbox 205 1862 254 1901; x_wconf 90' lang='lat' dir='ltr'><strong>et</strong></span> <span class='ocrx_word' id='word_1_155' title='bbox 284 1853 431 1902; x_wconf 82' lang='lat' dir='ltr'><strong>talem</strong></span> <span class='ocrx_word' id='word_1_156' title='bbox 463 1870 513 1900; x_wconf 91' lang='lat' dir='ltr'><strong>se</strong></span> <span class='ocrx_word' id='word_1_157' title='bbox 548 1862 789 1902; x_wconf 89' lang='lat' dir='ltr'><strong>assecutos</strong></span> <span class='ocrx_word' id='word_1_158' title='bbox 821 1863 1059 1902; x_wconf 91' lang='lat' dir='ltr'><strong>rectorem</strong></span> <span class='ocrx_word' id='word_1_159' title='bbox 1099 1869 1156 1901; x_wconf 87' lang='lat' dir='ltr'><strong>ac</strong></span> <span class='ocrx_word' id='word_1_160' title='bbox 1190 1853 1448 1901; x_wconf 90' lang='lat' dir='ltr'><strong>dominum</strong></span> <span class='ocrx_word' id='word_1_161' title='bbox 1480 1853 1627 1902; x_wconf 82' lang='lat' dir='ltr'><strong>vehe-</strong></span> 
     </span>
     <span class='ocr_line' id='line_1_23' title="bbox 208 1931 737 1986; baseline -0.004 -6"><span class='ocrx_word' id='word_1_162' title='bbox 208 1941 394 1986; x_wconf 88' lang='lat' dir='ltr'><strong>menter</strong></span> <span class='ocrx_word' id='word_1_163' title='bbox 419 1931 737 1981; x_wconf 86' lang='lat' dir='ltr'><strong>exsultabant.</strong></span> 
     </span>
    </p>
   </div>
   <div class='ocr_carea' id='block_1_4' title="bbox 663 2136 1160 2183">
    <p class='ocr_par' dir='ltr' id='par_1_4' title="bbox 663 2136 1160 2183">
     <span class='ocr_line' id='line_1_24' title="bbox 663 2136 1160 2183; baseline -0.004 0"><span class='ocrx_word' id='word_1_164' title='bbox 663 2136 1006 2183; x_wconf 83' lang='lat' dir='ltr'>CAPITULUM</span> <span class='ocrx_word' id='word_1_165' title='bbox 1038 2137 1160 2182; x_wconf 89' lang='lat' dir='ltr'><strong>VIII.</strong></span> 
     </span>
    </p>
   </div>
   <div class='ocr_carea' id='block_1_5' title="bbox 208 2270 1630 2422">
    <p class='ocr_par' dir='ltr' id='par_1_5' title="bbox 208 2270 1630 2422">
     <span class='ocr_line' id='line_1_25' title="bbox 208 2270 1630 2323; baseline -0.002 -12"><span class='ocrx_word' id='word_1_166' title='bbox 208 2276 262 2312; x_wconf 81' lang='lat' dir='ltr'><strong>De</strong></span> <span class='ocrx_word' id='word_1_167' title='bbox 277 2274 462 2323; x_wconf 79' lang='lat' dir='ltr'><strong>eruptione</strong></span> <span class='ocrx_word' id='word_1_168' title='bbox 483 2272 732 2310; x_wconf 82' lang='lat' dir='ltr'><strong>Leodiensium</strong></span> <span class='ocrx_word' id='word_1_169' title='bbox 759 2271 807 2308; x_wconf 84' lang='lat' dir='ltr'><strong>ad</strong></span> <span class='ocrx_word' id='word_1_170' title='bbox 822 2285 938 2318; x_wconf 87' lang='lat' dir='ltr'><strong>arma,</strong></span> <span class='ocrx_word' id='word_1_171' title='bbox 967 2285 1031 2321; x_wconf 83' lang='lat' dir='ltr'><strong>per</strong></span> <span class='ocrx_word' id='word_1_172' title='bbox 1051 2286 1168 2321; x_wconf 84' lang='lat' dir='ltr'><strong>regem</strong></span> <span class='ocrx_word' id='word_1_173' title='bbox 1193 2271 1453 2308; x_wconf 79' lang='lat' dir='ltr'><strong>concitaturum</strong></span> <span class='ocrx_word' id='word_1_174' title='bbox 1467 2270 1506 2305; x_wconf 88' lang='lat' dir='ltr'><strong>in</strong></span> <span class='ocrx_word' id='word_1_175' title='bbox 1520 2279 1630 2308; x_wconf 69' lang='lat' dir='ltr'><strong>tems</strong></span> 
     </span>
     <span class='ocr_line' id='line_1_26' title="bbox 257 2324 1630 2376; baseline -0.004 -11"><span class='ocrx_word' id='word_1_176' title='bbox 257 2328 358 2365; x_wconf 78' lang='lat' dir='ltr'><strong>ducis</strong></span> <span class='ocrx_word' id='word_1_177' title='bbox 374 2326 588 2376; x_wconf 82' lang='lat' dir='ltr'><strong>Burgundiae</strong></span> <span class='ocrx_word' id='word_1_178' title='bbox 598 2342 608 2373; x_wconf 90' lang='lat'>;</span> <span class='ocrx_word' id='word_1_179' title='bbox 626 2335 660 2362; x_wconf 91' lang='lat' dir='ltr'><strong>et</strong></span> <span class='ocrx_word' id='word_1_180' title='bbox 675 2326 844 2364; x_wconf 79' lang='lat' dir='ltr'><strong>conviciis</strong></span> <span class='ocrx_word' id='word_1_181' title='bbox 866 2338 906 2361; x_wconf 86' lang='lat' dir='ltr'><strong>ac</strong></span> <span class='ocrx_word' id='word_1_182' title='bbox 930 2327 1072 2374; x_wconf 78' lang='lat' dir='ltr'><strong>probris</strong></span> <span class='ocrx_word' id='word_1_183' title='bbox 1094 2339 1171 2373; x_wconf 82' lang='lat' dir='ltr'><strong>quae</strong></span> <span class='ocrx_word' id='word_1_184' title='bbox 1186 2326 1224 2361; x_wconf 88' lang='lat' dir='ltr'><strong>in</strong></span> <span class='ocrx_word' id='word_1_185' title='bbox 1241 2337 1323 2360; x_wconf 86' lang='lat' dir='ltr'><strong>eum</strong></span> <span class='ocrx_word' id='word_1_186' title='bbox 1338 2333 1373 2360; x_wconf 87' lang='lat' dir='ltr'><strong>et</strong></span> <span class='ocrx_word' id='word_1_187' title='bbox 1393 2336 1475 2359; x_wconf 81' lang='lat' dir='ltr'><strong>suos</strong></span> <span class='ocrx_word' id='word_1_188' title='bbox 1490 2324 1630 2372; x_wconf 85' lang='lat' dir='ltr'><strong>jactita-</strong></span> 
     </span>
     <span class='ocr_line' id='line_1_27' title="bbox 257 2384 389 2422; baseline 0.023 -3"><span class='ocrx_word' id='word_1_189' title='bbox 257 2384 343 2421; x_wconf 75' lang='lat' dir='ltr'><strong>bant</strong></span> <span class='ocrx_word' id='word_1_190' title='bbox 363 2385 389 2422; x_wconf 81' lang='lat'><strong>¹.</strong></span> 
     </span>
    </p>
   </div>
   <div class='ocr_carea' id='block_1_6' title="bbox 217 2498 1631 2722">
    <p class='ocr_par' dir='ltr' id='par_1_6' title="bbox 217 2498 1631 2722">
     <span class='ocr_line' id='line_1_28' title="bbox 280 2498 1630 2567; baseline -0.006 -17"><span class='ocrx_word' id='word_1_191' title='bbox 280 2502 564 2567; x_wconf 85' lang='lat' dir='ltr'><strong>Rothomagi</strong></span> <span class='ocrx_word' id='word_1_192' title='bbox 577 2517 692 2550; x_wconf 81' lang='lat' dir='ltr'><strong>vero</strong></span> <span class='ocrx_word' id='word_1_193' title='bbox 715 2500 1012 2547; x_wconf 89' lang='lat' dir='ltr'><strong>deditionem</strong></span> <span class='ocrx_word' id='word_1_194' title='bbox 1036 2499 1173 2563; x_wconf 85' lang='lat' dir='ltr'><strong>(quae</strong></span> <span class='ocrx_word' id='word_1_195' title='bbox 1195 2498 1340 2545; x_wconf 91' lang='lat' dir='ltr'><strong>totius</strong></span> <span class='ocrx_word' id='word_1_196' title='bbox 1361 2506 1432 2544; x_wconf 93' lang='lat' dir='ltr'><strong>est</strong></span> <span class='ocrx_word' id='word_1_197' title='bbox 1452 2506 1630 2544; x_wconf 89' lang='lat' dir='ltr'><strong>metro-</strong></span> 
     </span>
     <span class='ocr_line' id='line_1_29' title="bbox 217 2573 1631 2644; baseline -0.006 -17"><span class='ocrx_word' id='word_1_198' title='bbox 217 2578 340 2644; x_wconf 87' lang='lat' dir='ltr'><strong>polis</strong></span> <span class='ocrx_word' id='word_1_199' title='bbox 369 2589 417 2626; x_wconf 91' lang='lat' dir='ltr'><strong>et</strong></span> <span class='ocrx_word' id='word_1_200' title='bbox 442 2578 573 2626; x_wconf 80' lang='lat' dir='ltr'><strong>velut</strong></span> <span class='ocrx_word' id='word_1_201' title='bbox 602 2587 755 2625; x_wconf 89' lang='lat' dir='ltr'><strong>mater</strong></span> <span class='ocrx_word' id='word_1_202' title='bbox 784 2575 1074 2642; x_wconf 76' lang='lat' dir='ltr'><strong>provinciae)</strong></span> <span class='ocrx_word' id='word_1_203' title='bbox 1109 2575 1253 2622; x_wconf 84' lang='lat' dir='ltr'><strong>etiam</strong></span> <span class='ocrx_word' id='word_1_204' title='bbox 1284 2573 1488 2621; x_wconf 86' lang='lat' dir='ltr'><strong>aliorum</strong></span> <span class='ocrx_word' id='word_1_205' title='bbox 1519 2574 1631 2639; x_wconf 89' lang='lat' dir='ltr'><strong>plu-</strong></span> 
     </span>
     <span class='ocr_line' id='line_1_30' title="bbox 217 2651 1631 2722; baseline -0.006 -18"><span class='ocrx_word' id='word_1_206' title='bbox 217 2656 341 2704; x_wconf 88' lang='lat' dir='ltr'><strong>rium</strong></span> <span class='ocrx_word' id='word_1_207' title='bbox 360 2656 649 2722; x_wconf 92' lang='lat' dir='ltr'><strong>oppidorum</strong></span> <span class='ocrx_word' id='word_1_208' title='bbox 662 2664 806 2719; x_wconf 89' lang='lat' dir='ltr'><strong>atque</strong></span> <span class='ocrx_word' id='word_1_209' title='bbox 826 2654 1071 2702; x_wconf 87' lang='lat' dir='ltr'><strong>civitatum</strong></span> <span class='ocrx_word' id='word_1_210' title='bbox 1090 2652 1252 2718; x_wconf 88' lang='lat' dir='ltr'><strong>patriae</strong></span> <span class='ocrx_word' id='word_1_211' title='bbox 1276 2651 1456 2699; x_wconf 89' lang='lat' dir='ltr'><strong>deditio</strong></span> <span class='ocrx_word' id='word_1_212' title='bbox 1473 2659 1631 2697; x_wconf 90' lang='lat' dir='ltr'><strong>secuta</strong></span> 
     </span>
    </p>
   </div>
   <div class='ocr_carea' id='block_1_7' title="bbox 224 2783 1632 2902">
    <p class='ocr_par' dir='ltr' id='par_1_7' title="bbox 224 2783 1632 2902">
     <span class='ocr_line' id='line_1_31' title="bbox 224 2783 1632 2850; baseline -0.009 -18"><span class='ocrx_word' id='word_1_213' title='bbox 224 2843 227 2850; x_wconf 21' lang='grc' dir='ltr'>Χ</span> <span class='ocrx_word' id='word_1_214' title='bbox 274 2795 312 2833; x_wconf 81' lang='lat'><strong>1.</strong></span> <span class='ocrx_word' id='word_1_215' title='bbox 341 2791 521 2845; x_wconf 82' lang='lat' dir='ltr'><strong>Chapitre</strong></span> <span class='ocrx_word' id='word_1_216' title='bbox 543 2790 676 2844; x_wconf 64' lang='lat' dir='ltr'><strong>public</strong></span> <span class='ocrx_word' id='word_1_217' title='bbox 698 2790 793 2830; x_wconf 85' lang='lat' dir='ltr'><strong>dans</strong></span> <span class='ocrx_word' id='word_1_218' title='bbox 810 2789 1087 2840; x_wconf 83' lang='lat' dir='ltr'><strong>l&#39;Amplissima</strong></span> <span class='ocrx_word' id='word_1_219' title='bbox 1105 2789 1288 2836; x_wconf 82' lang='lat' dir='ltr'><strong>collectio,</strong></span> <span class='ocrx_word' id='word_1_220' title='bbox 1308 2794 1338 2825; x_wconf 91' lang='lat' dir='ltr'><strong>t.</strong></span> <span class='ocrx_word' id='word_1_221' title='bbox 1359 2786 1426 2834; x_wconf 88' lang='lat' dir='ltr'><strong>IV,</strong></span> <span class='ocrx_word' id='word_1_222' title='bbox 1443 2783 1517 2822; x_wconf 90' lang='lat' dir='ltr'><strong>col.</strong></span> <span class='ocrx_word' id='word_1_223' title='bbox 1542 2785 1632 2824; x_wconf 69' lang='lat'><strong>742.</strong></span> 
     </span>
     <span class='ocr_line' id='line_1_32' title="bbox 434 2857 1426 2902; baseline -0.01 0"><span class='ocrx_word' id='word_1_224' title='bbox 434 2877 472 2902; x_wconf 87' lang='lat'><strong>11</strong></span> <span class='ocrx_word' id='word_1_225' title='bbox 1403 2857 1426 2892; x_wconf 82' lang='lat'>9</span> 
     </span>
    </p>
   </div>
  </div>
 </body>
</html>
