2054 3470
728 343 874 380 LIBER
899 341 1129 390 QUINTUS.
1557 339 1632 377 367

650 623 849 675 LIBER
893 621 1203 682 QUINTUS.

561 971 948 1017 CAPITULUM
1006 970 1285 1016 PRIMUM.

285 1111 339 1145 De
354 1109 516 1158 turpibus
532 1118 567 1144 et
581 1109 709 1156 iniquia
723 1108 835 1156 pactis
851 1116 884 1143 et
899 1107 1166 1143 conditionibus
1179 1107 1224 1142 ab
1242 1115 1389 1153 utraque
1404 1106 1580 1154 partium,

530 1163 567 1198 in
586 1161 793 1210 hujusmodi
813 1161 962 1209 treugis»,
979 1160 1078 1196 factis
1092 1169 1126 1195 et
1144 1161 1328 1208 appositis.

290 1281 563 1330 Jucundum
586 1291 744 1330 autem
762 1280 924 1328 videre
943 1290 1041 1327 erat
1060 1289 1236 1345 quanta
1259 1279 1547 1328 exsultarent
1564 1279 1640 1327 lae-

226 1363 328 1411 titia
359 1363 603 1427 utriusque
640 1362 869 1426 principis
904 1370 1138 1408 terrarum
1173 1361 1373 1420 accolae,
1415 1363 1640 1424 negotia-

226 1450 353 1487 tores
389 1441 624 1505 praecipue
642 1478 654 1497 ‚
695 1456 754 1487 eo
788 1439 921 1504 quod
948 1448 1175 1486 consueta
1205 1439 1272 1485 eis
1299 1439 1414 1485 olim
1444 1455 1639 1487 suarum

229 1518 611 1581 negotiationum
633 1517 765 1564 lucra
790 1516 904 1563 inde
927 1515 1016 1562 sibi
1040 1524 1331 1581 proventura
1355 1527 1600 1581 sperarent
1625 1555 1636 1575 ,

231 1611 440 1659 suosque
472 1604 614 1642 notos
646 1604 694 1642 et
730 1594 902 1641 charos
930 1610 1071 1659 posse
1112 1594 1336 1654 revisere,
1375 1609 1431 1640 ac
1467 1611 1638 1642 eorum

227 1673 661 1720 communicatione
696 1672 786 1719 frui
814 1690 824 1719 :
853 1683 958 1736 quae
989 1687 1209 1736 prorsus,
1242 1670 1326 1718 illo
1357 1670 1640 1719 decurrente

225 1749 385 1797 hostili
408 1750 768 1814 quinquennio,
792 1749 858 1796 eis
882 1748 1067 1795 fuerant
1095 1747 1369 1795 interclusa.
1396 1748 1536 1796 Unde
1560 1766 1642 1796 ne·

226 1827 342 1873 dum
366 1842 392 1873 a
410 1827 506 1873 s'uis
528 1825 761 1873 veteribus
782 1826 908 1872 notis
925 1834 972 1872 et
991 1825 1177 1883 amicis,
1207 1841 1319 1871 cum
1341 1824 1403 1871 ad
1425 1825 1640 1873 civitates

226 1913 273 1951 et
305 1903 485 1969 oppida
507 1903 782 1950 altrinsecus
803 1903 1022 1950 venirent
1049 1903 1098 1949 in
1122 1903 1228 1968 ipso
1251 1913 1525 1966 treugarum
1558 1905 1644 1951 ini-

225 1981 294 2028 tio
323 1991 635 2042 mercatores,
662 1980 745 2027 sed
774 1990 821 2027 et
859 1980 1057 2045 publico
1090 1990 1285 2045 sumptu
1316 1980 1495 2027 eisdem
1522 1997 1643 2029 con-

227 2058 352 2105 vivia
379 2057 693 2122 parabantur,
735 2057 1067 2121 dabanturque
1102 2057 1244 2104 etiam
1271 2058 1518 2106 nonnullis
1553 2059 1642 2107 do·
1682 2076 1686 2081 ·

229 2136 362 2182 naria
375 2135 425 2181 in
448 2145 813 2182 monumentum
837 2145 885 2183 et
903 2135 1291 2200 pignusamoris,
1318 2136 1419 2200 qui,
1439 2135 1643 2185 durante

230 2208 424 2272 quidem
462 2208 718 2256 hostilitate
761 2225 861 2255 non
903 2209 1188 2269 exstinctus,
1224 2209 1308 2256 sed
1342 2209 1560 2257 obtectus
1596 2221 1642 2258 et

229 2285 358 2334 velut
376 2286 567 2332 interim
590 2294 840 2349 soporatus
861 2285 1090 2333 duntaxat
1109 2286 1249 2332 fuisse
1268 2286 1586 2351 pandebatur.

297 2366 354 2409 Et
375 2363 602 2427 quoniam
620 2400 632 2424 ‚
659 2362 727 2409 uti
763 2363 968 2409 diximus
987 2401 999 2423 ,
1028 2363 1155 2410 velut
1182 2364 1430 2427 quoddam
1457 2366 1529 2411 sui
1558 2365 1642 2412 de-

232 2440 391 2488 siderii
419 2441 677 2487 maximum
700 2439 1132 2504 complementum,
1160 2441 1410 2488 affectabat
1440 2459 1523 2489 rex
1552 2459 1641 2506 pu-

233 2517 335 2564 nire
357 2526 403 2564 et
424 2518 605 2564 cunctis
627 2517 675 2563 in
695 2517 968 2564 memoriale
987 2517 1258 2582 exemplum
1282 2519 1397 2567 dare
1414 2520 1641 2566 comitem

232 2594 544 2641 Sancti-Pauli
571 2594 726 2657 (cujus
759 2594 900 2641 etiam
926 2594 1025 2641 doli
1052 2605 1099 2641 et
1131 2595 1341 2659 perfidiae
1365 2612 1452 2661 per
1484 2611 1644 2658 regem

234 2671 495 2735 Anglorum
521 2671 738 2718 notiores
768 2670 859 2717 sibi
898 2670 1029 2718 factae
1068 2671 1206 2719 fuisse
1250 2672 1559 2735 ferebantur),
1595 2672 1642 2718 in

234 2748 466 2796 dictarum
492 2747 666 2795 foedere
686 2758 955 2812 treugarum
978 2748 1100 2795 inter
1119 2765 1278 2812 regem
1298 2759 1343 2796 et
1366 2749 1539 2795 ducem
1562 2764 1642 2795 ex·

234 2826 432 2890 pressim
456 2824 855 2888 comprehensum
887 2825 972 2871 fuit
1000 2825 1134 2887 quod
1162 2825 1256 2871 dux
1292 2826 1448 2888 ipsum
1470 2826 1520 2871 in
1546 2841 1643 2872 ma-
