2054 3470
719 318 867 356 LIBER
893 315 1163 354 SECUNDUS.
1575 313 1654 355 105*

308 414 479 460 Utrum
490 419 650 458 autem
662 407 880 455 omnium
895 407 1111 472 ipsorum
1124 406 1396 471 principum
1410 405 1516 454 talis
1528 417 1650 455 esset

242 500 291 538 et
325 500 422 538 tam
453 497 634 549 sancta,
671 485 863 550 qualem
892 500 941 532 se
978 483 1157 532 habere
1196 494 1254 532 et·
1278 500 1439 548 gerere
1471 483 1651 548 ubique

243 564 625 624 disseminabant,
647 563 865 622 intentio,
887 578 1093 610 asserere
1111 579 1212 610 non
1232 561 1479 610 audemus.
1499 563 1652 610 Facile

243 643 371 692 enim
391 641 520 690 credi
545 650 700 708 potest
720 639 854 705 quod
875 656 933 687 ex
955 640 1022 687 eis
1044 638 1263 687 nonnulli
1277 676 1290 701 ,
1318 638 1532 687 humana
1551 655 1652 687 am-

242 720 424 768 bitione
443 729 491 767 et
511 718 786 784 cupiditate,
811 734 891 766 seu
916 717 1030 765 odio
1052 726 1135 765 aut
1155 716 1344 765 invidiae
1366 717 1468 765 zelo
1492 717 1650 780 exciti,

243 798 372 846 aliud
403 797 562 863 palam
593 796 805 843 dicerent
834 805 882 843 et
910 794 1226 860 sponderent,
1258 794 1389 842 aliud
1422 810 1538 842 vero
1572 811 1653 842 oc-

243 874 370 924 culte
395 883 606 939 tegerent
631 883 678 921 et
702 874 864 921 animo
893 873 1133 938 gestirent.
1163 871 1308 930 Quod
1332 872 1474 920 etiam
1488 909 1500 932 ,
1532 873 1656 921 inter

244 958 600 1017 tot‘tantosque
628 952 894 1017 principes,
924 967 1024 998 non
1056 950 1211 998 forent
1243 950 1388 1015 aliqui
1420 950 1656 999 sinceram

243 1029 306 1078 ad
322 1030 667 1096 rempublicam
680 1029 981 1077 affectionem
997 1038 1229 1093 gerentes,
1250 1038 1296 1076 et
1312 1028 1478 1076 lacerae
1495 1029 1657 1093 patriae

242 1117 291 1155 et
322 1107 650 1156 miserabiliter
678 1107 923 1172 discerptae
951 1116 999 1154 et
1028 1122 1266 1172 oppressae
1288 1123 1388 1153 non
1413 1115 1658 1171 compate-

239 1178 432 1248 rentur,
463 1202 665 1250 eamque
688 1187 738 1233 in
769 1185 1016 1233 meliorem
1045 1185 1249 1232 formam
1277 1200 1304 1231 a
1335 1193 1464 1231 tanta
1497 1183 1657 1247 abjec-

245 1264 375 1311 tione
414 1273 461 1310 et
505 1263 804 1311 deformitate
848 1263 1099 1311 instaurari
1142 1272 1191 1309 et
1233 1262 1415 1309 restitui
1462 1262 1658 1309 minime

249 1340 443 1401 vellent,
478 1340 615 1387 valde
651 1350 1083 1405 praesumptuosum
1114 1349 1162 1387 et
1196 1339 1502 1387 temerarium
1539 1349 1660 1387 esset

245 1416 459 1481 judicare
482 1428 529 1465 et
550 1417 803 1466 defendere
826 1417 962 1466 velle.

740 1647 1081 1694 CAPITULUM
1115 1648 1172 1692 11.

289 1780 347 1815 An
361 1780 407 1815 ab
423 1789 548 1816 eventu
560 1806 572 1825 ‚
589 1781 749 1816 omnium
767 1781 976 1830 hujusmodi
990 1782 1196 1830 principum
1213 1782 1362 1818 intentio
1379 1790 1414 1818 ct
1428 1791 1526 1819 actus
1543 1782 1626 1818 mali

812 1837 880 1872 sint
901 1836 1098 1885 judicandi.

317 1960 504 2008 Scimus
531 1961 726 2026 quidem
757 1963 990 2028 plurimos
1023 1964 1164 2012 fuisse
1192 1974 1239 2012 et
1265 1981 1397 2012 nunc
1423 1980 1548 2023 esse,
1582 1965 1663 2029 qui

253 2037 315 2086 ab
339 2049 513 2087 eventu
539 2057 614 2088 res
639 2041 865 2090 duntaxat
892 2044 1152 2090 metiuntur
1173 2042 1433 2102 humanas,
1459 2042 1661 2106 quique,

253 2115 362 2163 ideo
385 2117 517 2180 quod
540 2117 816 2181 hujusmodi
843 2121 1114 2185 principum
1144 2131 1344 2168 conatus
1366 2130 1413 2167 et
1436 2121 1662 2179 intentio,

255 2209 399 2256 quam
425 2195 735 2259 praeferebant
760 2197 938 2258 verbis,
970 2198 1179 2245 fructum
1206 2199 1405 2245 minime
1431 2199 1668 2263 pepererit

255 2270 606 2320 instaurationis
634 2274 904 2339 reipublicae
930 2276 980 2322 in
1009 2276 1200 2336 melius,
1233 2276 1349 2339 quin
1377 2276 1536 2340 potius
1563 2275 1667 2322 vul-

259 2363 373 2395 nera
399 2349 611 2412 ejusdem
639 2352 835 2415 (quibus
865 2352 1115 2399 medendis
1140 2369 1196 2399 ac
1224 2352 1446 2399 sanandis
1471 2368 1666 2417 operam

261 2439 310 2470 se
333 2434 379 2471 et
400 2425 638 2475 salubrem
661 2428 956 2476 adhibituros
981 2429 1328 2494 pollicebantur
1353 2428 1666 2491 medicinam)

263 2515 362 2547 non
391 2503 536 2564 modo
564 2521 663 2552 non
691 2507 925 2568 curarint,
953 2506 1039 2554 sed
1063 2507 1221 2572 potius
1244 2507 1424 2554 eisdem
1454 2506 1670 2570 graviora

263 2584 310 2622 et
334 2579 575 2628 acerbiora
601 2582 871 2630 addiderint
895 2584 1043 2644 mala,
1077 2585 1153 2631 vel
1184 2584 1393 2632 addendi
1426 2595 1474 2632 et
1502 2599 1670 2630 cumu-

262 2651 393 2700 landi
421 2654 652 2705 deteriora
680 2675 821 2724 super
850 2660 1086 2725 populum
1111 2661 1343 2708 humilem
1368 2661 1671 2707 occasionem

264 2730 530 2794 attulerint,
562 2738 930 2799 pertinacissime
961 2739 1220 2787 defendant
1249 2740 1522 2804 principum
1551 2754 1669 2802 prae-

264 2807 502 2857 dictorum
533 2811 852 2863 damnabilem
880 2816 942 2863 ab
973 2817 1108 2863 initio
1140 2827 1185 2864 et
1214 2833 1461 2881 nunquam
1491 2825 1670 2862 rectam
