2054 3470
738 326 883 363 unm
918 324 1162 372 QUARTUS.
1579 324 1653 360 349

701 503 1038 550 CAPITULUM
1077 503 1198 548 XIV.

251 635 444 683 Quomodo
459 635 532 671 dux
557 635 770 682 Burgundiae
788 644 898 670 castra
920 636 1114 684 imperialia
1131 635 1277 678 invasit;
1305 643 1340 670 et
1363 633 1408 669 de
1435 633 1551 669 reditu
1570 634 1659 681 regis

297 693 514 727 Francorum
528 703 569 725 ex
585 690 816 734 Normannia,
833 690 894 736 qui
909 690 1158 737 imperatorem
1172 688 1218 724 ad
1234 687 1518 736 componendam
1536 701 1657 736 pacem

299 744 446 781 adduxit
457 745 483 779 ¹.

321 867 439 912 Cum
467 863 626 927 igitur,
657 861 978 926 frequentibus
1005 861 1427 909 intercurrentibus
1458 862 1658 923 nuntiis,

255 942 427 990 certior
442 950 562 988 esset
578 940 726 988 factus
744 940 1003 1005 imperator
1018 955 1174 1003 regem
1192 926 1301 985 cuin
1319 939 1501 1002 magnis
1514 940 1662 1004 copiis

255 1017 359 1066 esi-»e
382 1019 430 1065 in
451 1016 680 1075 Picardia,
707 1015 896 1080 illicque
922 1015 1081 1062 omnia
1105 1014 1192 1061 sibi
1216 1032 1442 1080 prospere
1465 1015 1632 1063 cedere
1649 1054 1662 1077 ,

256 1111 449 1160 sperans
467 1094 627 1158 quod¹¹
644 1093 718 1140 vel
746 1093 792 1139 in
823 1094 1016 1158 propria
1046 1091 1135 1157 [se]
1159 1091 1248 1138 sibi
1275 1092 1589 1156 adjungeret⁸‚
1621 1103 1668 1141 et

256 1188 309 1219 ex
349 1187 434 1219 sua
463 1181 596 1237 parte
630 1170 830 1235 quisque
867 1186 1035 1216 eorum
1069 1169 1457 1233 Burgundionum
1494 1167 1667 1218 ducem

257 1249 629 1311 constringeret,
655 1257 702 1294 et
735 1247 1058 1294 necessitatem
1096 1246 1297 1294 cedendi
1335 1256 1415 1294 aut
1442 1247 1668 1295 movendi
1700 1294 1704 1298 ,

260 1343 309 1374 se
331 1325 392 1374 ad
415 1335 652 1373 certamen
683 1324 906 1372 adversus
932 1333 1028 1371 tam
1050 1333 1270 1390 potentes
1298 1341 1354 1372 ac
1388 1342 1669 1373 numerosos

261 1403 492 1450 exercitus
505 1412 804 1471 perurgeret,
831 1410 996 1448 contra
1015 1418 1138 1466 quos
1167 1402 1298 1450 nulla
1321 1412 1402 1450 aut
1419 1404 1669 1468 perexigua

262 1498 368 1547 spes
392 1482 601 1528 victoriae
631 1481 721 1528 sibi
745 1481 906 1528 relicta
935 1479 1204 1542 videretur3
1239 1491 1321 1528 aut
1345 1481 1532 1543 saltem,
1559 1483 1598 1528 si
1621 1482 1669 1544 in

263 1558 457 1624 propria
480 1558 676 1605 minime
710 1557 838 1605 idern
869 1574 950 1605 rex
972 1557 1246 1619 accederet,
1272 1558 1403 1622 quod
1426 1559 1671 1623 copiarum

264 1652 458 1684 suarum
479 1635 726 1682 meliorem
752 1634 1024 1699 portionem
1045 1670 1058 1694 ,
1090 1634 1179 1682 sub
1202 1635 1376 1682 ducatu
1402 1634 1672 1700 aliquorum

264 1730 322 1780 ex
342 1711 608 1777 potioribus
641 1710 841 1758 ducibus
869 1711 988 1771 suis,
1014 1711 1103 1758 sibi
1130 1711 1417 1760 destinaret:
1445 1713 1596 1761 movit
1618 1730 1672 1761 ex

266 1789 373 1836 loco
397 1805 495 1853 quo
517 1788 821 1848 consederat,
848 1798 894 1834 et
919 1788 1052 1851 juxta
1068 1797 1218 1836 castra
1241 1789 1375 1836 ducis
1396 1790 1675 1854 Burgundiae

266 1883 352 1914 sua
371 1866 530 1914 locare
553 1866 840 1912 constituit⁴.

331 1943 474 2001 Quod
501 1942 753 2009 pervidens
775 1942 1172 2007 Burgundionum
1194 1943 1307 2005 dux,
1334 1946 1676 2009 promissorum

268 2038 374 2087 quae
395 2021 455 2068 ad
479 2038 590 2068 suos
614 2021 787 2069 fecerat
809 2038 907 2068 non
931 2022 1202 2083 immemor,
1227 2023 1503 2088 priusquam
1528 2025 1679 2071 muni-

325 2161 363 2197 1.
393 2157 572 2209 Chapitre
590 2158 767 2210 imprime
781 2159 875 2198 dans
886 2160 1159 2210 l'AmpIissima
1176 2165 1355 2212 collectio,
1376 2171 1403 2202 t.
1423 2166 1489 2213 IV,
1503 2164 1654 2204 col.78⁴l
1667 2194 1676 2203 .

326 2219 379 2253 2.'
394 2219 632 2267 Sper-amque
649 2216 744 2254 dans
763 2217 800 2255 le
816 2230 887 2256 ms.

325 2277 362 2315 3.
393 2275 675 2314 Snus-entendu
693 2290 867 2326 persona.
893 2277 1010 2315 Louis
1038 2281 1095 2316 Xl
1119 2279 1222 2317 avait
1246 2279 1374 2318 donne
1399 2281 1682 2319 effectivement

273 2341 332 2372 cet
356 2334 483 2385 espoir
509 2336 532 2372 a
560 2334 802 2386 l’empereur.
836 2335 1205 2388 Molinctrrapporte
1234 2338 1270 2377 le
1297 2347 1402 2377 texte
1431 2339 1547 2379 d'une
1573 2340 1683 2379 lettre

274 2393 388 2432 ecrite
402 2407 473 2445 par
490 2394 645 2432 celui-ci
664 2407 739 2432 aux
758 2393 949 2432 habitants
971 2395 1020 2433 de
1038 2399 1176 2445 Neuss,
1193 2400 1244 2436 οὺ.
1270 2415 1288 2433 α
1311 2399 1421 2437 estoit
1440 2400 1590 2438 enclose
1608 2413 1684 2438 une

275 2453 390 2504 petite
406 2453 554 2492 cedulle
572 2461 777 2491 contenant
794 2463 986 2492 comment
1001 2455 1037 2493 le
1056 2455 1111 2493 dit
1128 2469 1331 2508 empereur
1349 2459 1453 2497 avoit
1470 2459 1619 2510 envoye
1637 2459 1685 2497 de

276 2511 408 2550 rechef
425 2525 495 2551 son
513 2512 825 2565 ambassade'par
843 2514 979 2552 devers
997 2514 1033 2553 le
1053 2528 1123 2565 roy
1141 2515 1190 2554 de
1207 2519 1373 2566 France,
1397 2518 1563 2568 laquelle
1583 2519 1687 2556 avoit
1708 2548 1711 2554 .

277 2572 478 2610 rencontre
494 2572 530 2611 le
551 2572 822 2612 chevaucheur
839 2572 892 2611 du
911 2586 997 2624 roy,
1019 2573 1085 2624 qui
1104 2575 1348 2627 tesmoignoit
1362 2584 1555 2622 comment
1570 2575 1596 2612 il
1615 2588 1685 2613 ve·-

278 2631 361 2670 noit
381 2645 426 2668 en
443 2645 488 2668 sa
500 2646 698 2682 personne,
718 2641 756 2671 et
775 2633 885 2671 estoit
910 2646 957 2671 en
981 2632 1134 2671 chemin
1162 2635 1184 2671 ὲ
1209 2642 1291 2672 tout
1309 2635 1430 2686 grand
1456 2634 1616 2672 nombre
1639 2634 1687 2671 de

279 2703 371 2743 gens
399 2690 583 2743 d'armes,
613 2704 711 2741 pour
740 2699 838 2729 estre
868 2704 917 2729 au
945 2704 1099 2730 seeours
1124 2700 1162 2730 et
1189 2693 1288 2743 ayde
1310 2694 1358 2731 de
1387 2694 1630 2745 l’empereur.
1665 2711 1683 2730 ι

283 2751 523 2801 Chroniques,
542 2749 569 2788 l.
595 2752 628 2796 1,
651 2763 686 2787 c.
705 2763 790 2787 xm.

334 2812 371 2846 4.
402 2812 455 2847 Le
474 2811 524 2846 23
547 2809 621 2846 mai
640 2811 759 2847 1475.
