2054 3470
406 315 482 351 172
768 317 1108 357 HISTORIARUM
1135 321 1370 360 LUDOVICI
1396 322 1454 359 XI

404 402 532 467 cipes
560 403 888 469 providerunt.
924 409 1169 471 Deputatae
1199 409 1327 456 enim
1354 419 1490 457 certae
1513 411 1687 460 domus
1710 413 1812 460 fue-

403 489 532 540 runt,
558 482 606 528 in
628 481 820 546 quibuS,
843 482 963 530 datis
984 483 1089 531 fidis
1109 485 1403 545 custodibus,
1427 487 1807 547 observarentur,

402 574 580 622 nequa
600 559 666 605 eis
687 559 911 607 violentia
931 571 1012 608 aut
1032 561 1204 625 injuria
1223 563 1492 611 inferretur.

467 635 723 684 Ferebatur
754 646 911 684 autem
947 638 1107 703 plures
1132 655 1189 686 ex
1212 640 1286 688 his
1314 658 1460 706 quos,
1487 642 1552 689 ob
1580 643 1813 692 scelerum

401 713 763 773 conscientiam,
791 724 943 762 metus
966 716 1170 780 amplior
1195 718 1383 766 tenebat
1409 730 1455 766 et
1477 720 1624 783 magis
1645 722 1812 770 anxios

401 790 618 851 faciebat,
638 802 892 856 antequam
904 793 1103 858 irruptio
1119 794 1170 840 in
1186 795 1418 859 oppidum
1436 795 1585 857 fieret,
1607 800 1812 864 acceptis

399 867 542 930 signis
575 868 971 932 Burgundionum
1000 870 1049 916 in
1084 871 1180 917 suis
1213 873 1543 932 vestimentis¹,
1581 884 1810 939 tanquam

399 946 488 1010 ipsi
507 945 567 993 de
589 947 824 994 victorum
843 964 1045 994 numero
1064 958 1111 995 et
1131 949 1435 998 multitudine
1453 961 1624 1012 essent,
1650 963 1811 1016 portas

399 1023 587 1082 exiisse,
627 1033 674 1070 et
706 1023 800 1071 hoc
835 1024 983 1071 modo
1019 1025 1273 1073 imminens
1305 1027 1370 1073 eis
1402 1028 1567 1075 mortis
1593 1028 1809 1093 effugisse

398 1101 680 1164 periculum.
722 1104 787 1148 Ex
832 1102 907 1149 his
943 1112 1103 1150 autem
1142 1103 1224 1167 qui
1263 1104 1438 1168 captivi
1473 1104 1682 1164 fuerant,
1719 1106 1807 1154 de-

397 1178 618 1242 prehensi
640 1179 879 1241 nonnulli,
905 1197 1026 1244 quos
1044 1180 1344 1245 procaciores
1361 1182 1410 1228 in
1427 1181 1618 1247 probris
1633 1193 1681 1230 et
1698 1200 1809 1230 con·

397 1257 602 1304 tumeliis
627 1257 841 1305 dicendis
869 1257 929 1305 de
960 1258 1254 1323 principibus
1288 1259 1518 1306 exstitisse
1541 1260 1805 1322 constabat,

396 1333 445 1379 in
464 1334 666 1381 ssumen'
686 1336 979 1400 praecipitati,
1001 1335 1233 1383 submersi
1251 1346 1378 1384 sunt.
1400 1337 1590 1384 Caeteris
1606 1337 1701 1384 vita
1716 1355 1810 1385 ser-

398 1420 506 1457 vata
528 1421 613 1457 est.

460 1490 718 1553 Postquam
739 1506 853 1537 vero
877 1491 1016 1555 pauci
1036 1490 1136 1537 dies
1150 1527 1162 1546 ,
1189 1488 1473 1537 exeuntibus
1493 1489 1612 1538 illic³
1635 1491 1808 1555 princi-

397 1564 554 1630 pibus,
591 1566 639 1613 in
676 1567 843 1632 oppidi
884 1567 1149 1632 direptione
1190 1567 1526 1631 deletioneque
1565 1567 1805 1630 facienda,

395 1658 563 1689 eorum
590 1644 674 1707 qui
695 1645 952 1709 supplicio‘
974 1645 1039 1691 ob
1063 1661 1148 1693 sua
1172 1644 1402 1692 demerita
1426 1644 1665 1709 digniores
1695 1645 1810 1692 exsi-

394 1722 608 1781 sterent⁸,
639 1721 797 1768 detriti
819 1731 946 1782 sunt,
972 1721 1199 1787 depositis
1222 1721 1458 1786 aliquibus
1478 1720 1686 1780 aedibus,
1702 1738 1808 1786 quae

393 1797 601 1845 ecclesiis
630 1800 882 1846 viciniores
912 1799 1218 1859 exsistebant,
1257 1809 1309 1847 ut
1337 1799 1399 1846 ab
1427 1798 1652 1845 incendio
1683 1799 1807 1847 aedes

394 1890 536 1922 sacrae
561 1876 798 1922 immunes
822 1886 1015 1940 possent
1041 1876 1264 1936 evadere,
1291 1874 1456 1921 datum
1484 1882 1555 1920 est
1582 1873 1700 1921 illud
1723 1891 1806 1921 su-

393 1952 596 2017 perbum
620 1954 870 2018 quondam
892 1964 938 2001 et
961 1954 1244 2019 opulentum
1267 1953 1528 1999 Dinantum
1554 1951 1806 1999 voracibus

393 2030 621 2091 flammis,
659 2040 706 2077 et
741 2040 898 2077 totum
931 2031 981 2077 in
1021 2030 1199 2078 favillas
1231 2030 1507 2093 cineresque
1538 2028 1800 2077 redactum.

395 2111 430 2154 A
456 2124 553 2171 quo
583 2107 767 2154 excidio
810 2124 898 2154 nec
934 2108 1036 2174 ipsa
1069 2117 1249 2155 sacrata
1284 2108 1493 2154 oratoria
1523 2122 1662 2165 cura,
1700 2124 1804 2171 quae

393 2201 482 2250 pro
504 2185 570 2231 eis
591 2174 787 2231 tuendis¹
811 2184 960 2232 fuerat
981 2185 1217 2246 adhibita,
1244 2194 1490 2269 protegere
1510 2184 1666 2249 potuit
1687 2183 1802 2247 quin

391 2338 559 2376 chascun
578 2337 730 2388 prenoit
749 2350 817 2375 son
835 2337 944 2375 hoste
962 2336 1192 2388 prisonnier,
1210 2345 1248 2375 et
1266 2349 1410 2375 mesme
1430 2337 1620 2389 plusieurs
1635 2337 1798 2375 enfants.

391 2400 549 2436 Partout
577 2397 747 2445 c'estoit,
782 2397 875 2449 petit
900 2411 952 2435 ou
979 2406 1106 2450 grant.
1126 2414 1142 2430 »ι
1165 2400 1329 2448 Jacques
1353 2396 1560 2448 Duclercq,
1579 2399 1800 2446 Memoires,

391 2458 419 2498 l.
442 2460 488 2505 V,
507 2458 569 2495 ch.
589 2471 654 2496 nx

446 2519 482 2556 1.
514 2521 568 2555 La
586 2518 695 2555 croix
714 2531 834 2570 rouge
853 2518 900 2557 de
918 2518 1017 2556 saint
1034 2518 1181 2556 Andre.

446 2579 485 2615 2.
515 2580 570 2615 La
591 2580 736 2616 Meuse.

447 2639 485 2675 3.
516 2635 693 2688 Corrigez
715 2638 835 2675 illinc.

445 2698 484 2734 4.
515 2695 545 2733 Il
566 2708 589 2749 y
608 2708 631 2733 a
647 2695 697 2733 ici
718 2709 795 2734 une
814 2696 1013 2733 alteration
1033 2695 1223 2746 profonde
1243 2697 1265 2733 a
1282 2695 1449 2746 laquelle
1471 2694 1498 2732 il
1523 2695 1603 2732 faut
1619 2693 1800 2746 suppleer

392 2770 441 2795 en
463 2755 577 2794 lisam
593 2769 790 2805 eorumque
806 2759 989 2805 supplicio
1011 2757 1189 2792 sumendo
1212 2759 1278 2806 qui
1299 2755 1357 2804 ob,
1381 2763 1454 2794 etc.

418 2832 420 2838 s
448 2818 486 2856 5.
522 2833 538 2848 «
561 2817 633 2853 Les
653 2815 908 2867 prisonniers,
926 2815 1079 2865 jusqu’a
1098 2815 1202 2853 huict
1219 2828 1324 2863 cens,
1348 2815 1505 2866 [fur-ent]
1527 2814 1646 2865 noyes
1664 2813 1804 2852 devant
