2054 3470
376 344 451 380 396
734 346 1077 384 HISTORIARUM
1103 347 1341 385 LUDOVICI
1366 349 1424 386 XI

372 442 419 479 et
450 435 865 482 consummatione
880 472 894 496 ,
927 433 1228 482 redeundum
1248 435 1388 483 nobis
1414 446 1485 484 est
1505 437 1568 485 ad
1596 454 1653 486 ea
1678 454 1783 503 quae

371 510 422 557 in
445 511 673 575 temporis
691 512 976 559 intermedio
999 521 1127 576 gesta
1147 513 1356 562 recolere
1371 514 1632 579 potuimus.

825 711 1165 757 CAPITULUM
1205 713 1326 757 VIII.

486 843 539 876 De
556 842 659 888 gestis
675 855 740 889 per
758 843 919 878 comitem
942 843 987 878 de
1006 844 1120 878 Bische
1138 853 1262 878 contra
1280 843 1407 879 ducem
1426 842 1641 891 Burgundiae
1653 870 1664 888 ,

604 905 638 930 et
657 895 703 931 de
728 896 845 931 reditu
861 896 960 932 ducis
978 898 1216 945 Lotharingiae
1234 897 1272 931 in
1287 906 1415 933 terram
1433 910 1546 933 suam.

435 1016 539 1062 Fuit
567 1015 710 1079 igitur
738 1017 1133 1080 Burgundionum
1157 1017 1254 1064 dux
1273 1055 1285 1079 ,
1310 1027 1418 1082 post
1439 1017 1598 1066 clades
1626 1034 1656 1066 a
1677 1018 1783 1065 Sui-

369 1092 581 1139 tensibus
603 1104 845 1159 susceptas
874 1104 921 1141 et
944 1094 1104 1158 sugam
1120 1131 1133 1156 ,
1159 1112 1252 1159 qua
1277 1096 1327 1142 in
1352 1095 1676 1159 Burgundiam
1697 1112 1781 1144 au-

370 1170 487 1233 fugit
508 1206 519 1228 ,
561 1187 648 1235 per
681 1171 864 1235 aliquot
896 1172 1227 1219 hebdomadas
1260 1173 1385 1220 circa
1418 1173 1779 1234 Bisuntionem3

369 1247 452 1310 ubi
489 1248 719 1312 paulatim
763 1250 976 1296 animum
1016 1266 1314 1297 reassumens
1332 1289 1345 1307 ,
1393 1267 1516 1315 quos
1559 1259 1779 1315 poterat,

368 1342 422 1372 ex
448 1325 525 1372 his
547 1327 631 1390 qui
653 1327 762 1391 fuga
792 1327 916 1375 elabi
949 1338 1204 1392 potuerant
1226 1365 1238 1389 ‚
1263 1327 1518 1391 colligebat
1545 1326 1780 1392 reliquos,

369 1405 709 1469 undecumque
735 1407 876 1454 etiam
898 1423 1070 1466 novos,
1092 1417 1187 1453 tam
1211 1405 1395 1471 pedites
1411 1422 1558 1470 quam
1580 1405 1778 1470 equites,

367 1481 654 1530 adsciscens.
1451 1473 1453 1475 Ι

433 1559 572 1622 Atqui
589 1577 665 1607 res
686 1578 780 1607 suae
802 1560 956 1608 fractae
979 1570 1026 1608 et
1040 1561 1205 1609 lacerae
1220 1561 1436 1627 profecto
1460 1560 1666 1625 pessimo
1689 1569 1785 1607 sta-

367 1635 485 1682 bant
509 1636 636 1684 loco.
667 1640 785 1685 Nam
809 1655 919 1684 cum
943 1639 1154 1704 primum
1186 1639 1237 1685 in
1261 1638 1552 1685 Sabaudiam
1573 1653 1682 1685 suas
1703 1653 1785 1684 co-

366 1714 468 1778 pias
505 1714 731 1762 adversus
765 1716 1005 1763 Suitenses
1041 1716 1326 1779 trajecisset,
1356 1715 1556 1779 quidam
1586 1730 1748 1762 comes
1767 1751 1780 1774 ,

367 1791 635 1838 Germanus
657 1792 880 1849 natione,
909 1793 995 1840 sed
1015 1792 1241 1840 vassallus
1264 1791 1400 1839 ducis
1429 1790 1777 1854 Lotharingiae,

368 1879 694 1932 cognomento
731 1870 792 1917 de
829 1872 1049 1930 lerclae¹‚
1078 1871 1241 1934 gravia
1288 1869 1466 1916 damna
1513 1878 1656 1932 atque
1694 1868 1783 1913 im-

367 1944 643 2008 pedimenta
676 1946 768 1994 sibi
817 1957 864 1994 et
908 1947 981 1994 his
999 1985 1012 2008 ‚
1044 1948 1127 2011 qui
1161 1948 1205 1993 ei
1246 1956 1345 1993 tam
1386 1946 1436 1991 in
1477 1943 1783 2007 Lotharingia

365 2038 511 2085 quam
552 2026 601 2069 in
643 2034 768 2071 terra
802 2025 1207 2087 Luxemburgensi
1253 2022 1486 2088 parebant
1509 2057 1522 2081 ‚
1564 2021 1782 2069 dietenus

364 2099 612 2147 inferebat.
654 2101 873 2149 Habebat
907 2102 1085 2167 quippe
1122 2100 1341 2165 quaedam
1374 2109 1527 2147 castra
1562 2099 1782 2146 munitis-

365 2175 484 2222 sima
507 2177 555 2222 in
582 2176 794 2224 finitimis
818 2177 1135 2240 Lotharingiae
1157 2186 1204 2224 et
1228 2176 1535 2236 Alemanniae‚
1561 2192 1667 2240 quae
1683 2175 1778 2223 dux

369 2253 654 2316 Burgundiae
676 2254 727 2300 in
750 2264 1030 2319 conquaestu
1057 2254 1394 2318 Lotharingiae,
1423 2253 1661 2301 desiderio
1691 2253 1782 2301 fes·

368 2330 553 2377 tinandi
584 2330 646 2380 ad
678 2330 859 2378 bellum
894 2332 1213 2393 Sustensium,
1253 2332 1432 2378 intacta
1464 2346 1555 2377 nec
1587 2329 1783 2378 subacta

366 2406 638 2473 reliquerat.
684 2411 721 2454 E
751 2408 925 2473 quibus
956 2420 1002 2456 et
1039 2409 1175 2470 alias,
1224 2408 1559 2471 undecumque
1595 2407 1777 2471 potuit,

366 2497 465 2534 tam
481 2487 697 2551 equitum
721 2504 865 2552 quam
889 2487 1105 2552 peditum
1129 2487 1315 2534 circiter
1337 2484 1465 2532 mille
1492 2485 1776 2548 aggregavit.

370 2564 567 2611 Insidias
598 2564 757 2628 itaque
789 2563 978 2629 oppidis
1013 2574 1060 2610 et
1101 2562 1300 2610 castellis
1329 2560 1645 2624 Lotharingiae
1676 2570 1780 2608 ten-

368 2641 514 2701 dens,
541 2650 587 2687 et
614 2650 791 2687 terram
823 2657 932 2687 cum
958 2656 1045 2686 suo
1074 2639 1306 2686 comitatu
1330 2636 1650 2702 perlustrans,
1675 2653 1782 2701 quae

368 2730 416 2767 et
432 2728 609 2784 quanta
618 2728 827 2783 poterat,
852 2717 1270 2781 Burgundionibus
1285 2715 1550 2775 auferebat,
1575 2715 1626 2763 in
1646 2731 1781 2763 suam

423 2863 440 2898 ί
452 2889 461 2899 .
491 2860 638 2908 Simon,
658 2868 783 2898 comte
803 2858 851 2897 de
875 2857 1006 2896 Bitcbe
1026 2866 1063 2896 et
1079 2856 1127 2894 de
1146 2856 1406 2894 Deux-Ponts.
