2054 3470
348 332 396 367 74
706 331 1045 370 HISTORIARUM
1078 333 1314 371 LUDOVICI
1341 335 1398 371 XI

348 410 848 482 Momoremi¹‚'prope
868 418 1417 483 Sanctum-Dionysium,
1443 421 1542 485 qui,
1567 425 1758 486 quantis

345 503 565 559 potuerat
588 493 789 554 viribus,
816 494 1040 542 eumdem
1067 495 1333 544 honorifice
1361 507 1408 544 et
1431 497 1681 563 splendide
1699 501 1755 550 ,in

346 586 431 618 sua
463 570 610 617 domo
649 581 896 636 exceperat
933 581 981 619 et
1009 581 1372 637 procuraverat,
1406 585 1453 622 et
1482 593 1569 640 per
1603 578 1756 641 sylvas

345 658 486 712 atque
505 648 648 696 saltus
670 649 942 712 patrimonii
963 650 1054 708 sui,
1081 649 1197 696 dum
1219 650 1314 698 illic
1335 663 1604 713 venaretur,
1629 671 1758 702 asso-

345 727 574 785 ciaverat,
613 728 968 774 exsecutionem
998 726 1274 790 hujusmodi
1303 729 1643 778 mandatorum
1681 732 1755 779 in-

344 803 508 850 choari
524 819 688 850 coram
704 821 754 850 se
772 813 818 850 et
835 803 1029 868 praefato
1046 804 1266 866 domino,
1288 822 1375 853 suo
1395 807 1600 873 hospite,
1626 809 1750 856 fecit.

344 883 537 929 Faciens
568 882 696 928 enim
730 882 780 927 in
811 897 961 927 unum
991 882 1186 944 congeri
1216 893 1263 929 et
1292 885 1563 932 coacervari
1592 886 1752 946 funes,

343 960 540 1023 laqueos
569 967 617 1004 et
649 957 767 1004 retia
799 966 941 1021 atque
972 957 1151 1022 plagaS,
1186 975 1310 1022 quos
1342 960 1471 1008 idem
1502 962 1751 1023 dominus,

344 1038 426 1100 qui
459 1036 605 1084 saltus
640 1046 688 1083 et
719 1035 872 1100 sylvas
908 1034 1251 1100 pulcherrimas
1287 1036 1453 1100 habet,
1494 1040 1544 1086 in
1580 1040 1756 1103 quibus

343 1130 514 1178 magna
533 1130 642 1179 pars
661 1129 830 1160 census
847 1122 894 1160 et
914 1113 1191 1177 patrimonii
1209 1114 1281 1160 sui
1297 1116 1526 1174 consistit,
1548 1117 1599 1163 in
1617 1119 1757 1183 copia

342 1192 523 1257 ingenti
541 1190 768 1252 habebat,
783 1191 948 1237 omnia
962 1189 1102 1237 simul
1120 1190 1325 1238 flammis
1344 1201 1392 1238 et
1409 1192 1518 1256 igne
1536 1194 1756 1242 comburi

343 1268 470 1316 fecit.
501 1271 558 1315 Et
585 1284 695 1315 cum
723 1267 921 1332 quidam
949 1283 1006 1314 ex
1029 1267 1334 1332 parochianis
1368 1268 1487 1330 loci,
1517 1270 1581 1317 ad
1616 1287 1756 1319 usum

342 1345 566 1411 pulsandi
594 1361 876 1410 campanam
913 1343 1124 1392 ecclesiae
1160 1361 1280 1406 suae,
1308 1345 1472 1394 funem
1508 1363 1661 1395 unum
1695 1348 1758 1396 ad

342 1423 437 1470 hoc
470 1423 701 1470 idoneum
738 1421 827 1468 sibi
867 1421 1038 1468 donari
1080 1423 1353 1486 petiissent,
1397 1440 1496 1471 non
1532 1425 1759 1473 suerunt¹

342 1500 551 1548 exauditi
564 1502 593 1546 ⁸.
626 1500 838 1546 Similem
864 1515 979 1546 vero
1003 1500 1356 1548 exsecutionem
1376 1501 1580 1550 ballivus
1607 1503 1756 1550 Silva·

343 1578 576 1625 nectensis
609 1578 659 1624 in
694 1577 843 1630 domo
874 1576 1069 1624 baronis
1100 1576 1161 1624 de
1187 1579 1498 1642 Auffemont‘
1522 1579 1654 1638 fecit,
1689 1596 1752 1626 ne

342 1655 403 1702 de
425 1664 705 1720 contemptu
729 1655 804 1701 vel
827 1654 1113 1718 negligentia
1135 1655 1408 1718 arguendus
1433 1657 1634 1704 veniret.

405 1731 565 1779 Talem
579 1733 733 1779 vicem
750 1748 837 1778 suo
854 1731 1030 1778 devoto
1049 1731 1225 1796 hospiti
1242 1742 1289 1779 et
1303 1733 1500 1796 gratiam
1517 1733 1757 1781 humanus

343 1825 422 1855 rex
438 1809 621 1869 retulit,
644 1826 746 1856 non
763 1809 940 1856 veritus
958 1808 1048 1855 sub
1067 1808 1150 1856 tali
1167 1825 1384 1870 censura,
1404 1809 1757 1858 confiscationis

342 1885 518 1932 scilicet
539 1886 754 1952 corporis
775 1895 822 1932 et
842 1885 1110 1944 bonorum,
1136 1886 1236 1933 sine
1262 1886 1361 1934 ullo
1391 1886 1578 1935 delectu
1603 1903 1660 1934 ac
1683 1904 1758 1935 re-

342 1963 553 2010 verentia
577 1964 726 2010 divini
754 1963 909 2011 cultus
937 1973 1019 2010 aut
1048 1963 1309 2028 religionis,
1342 1964 1592 2030 pontifices
1615 1981 1758 2029 gene-

341 2040 595 2103 raliterque
618 2057 786 2087 omnes
816 2057 1063 2087 sacrorum
1087 2041 1331 2090 ministros
1364 2041 1679 2102 concludere3
1705 2042 1755 2088 in

342 2133 547 2181 quorum
583 2125 742 2162 tamen
766 2132 996 2180 personas
1019 2126 1102 2163 aut
1123 2117 1321 2165 mobilia
1351 2118 1533 2166 nullam
1560 2133 1756 2183 prorsus

341 2193 486 2241 habet
508 2192 905 2256 jurisdictionem.

407 2272 596 2328 Quanta
625 2279 786 2316 autem
807 2268 989 2332 justitia
1013 2277 1155 2332 atque
1179 2270 1399 2333 aequitate
1424 2269 1757 2333 hujuscemodi

344 2349 555 2396 edictum
579 2347 751 2394 fultum
780 2346 969 2394 exsistat
990 2346 1318 2410 unusquisque
1339 2346 1474 2393 facile
1495 2346 1756 2410 dijudicare

399 2478 437 2514 1.
467 2473 501 2512 Il
521 2471 722 2524 s'appelait
737 2473 846 2509 Jean.
1704 2488 1717 2511 χ

395 2536 436 2576 2.
465 2537 630 2573 Fuerant
648 2531 743 2570 dans
765 2531 802 2569 le
821 2543 892 2569 ms.

398 2596 437 2633 3.
466 2595 571 2633 Cette
589 2590 775 2631 anecdote
792 2603 816 2628 a
833 2590 893 2628 ete
908 2601 1059 2627 connue
1079 2588 1127 2626 de
1146 2587 1364 2635 Duchesne,
1385 2588 1453 2639 qui
1471 2601 1520 2627 en
1537 2602 1560 2628 a
1574 2589 1757 2628 intel-cale

345 2654 380 2692 le
401 2652 495 2691 recit
519 2652 617 2691 dans
645 2664 705 2689 ses
725 2663 889 2702 preuves
915 2651 936 2686 a
963 2648 1158 2687 l’Histoire
1186 2647 1234 2686 de
1259 2648 1296 2685 la
1321 2647 1467 2686 maison
1492 2648 1541 2686 de
1559 2651 1755 2687 Montmo-

345 2713 471 2761 renci,
491 2727 532 2765 p.
554 2715 647 2751 173.

399 2775 436 2810 4.
467 2773 529 2810 On
544 2771 638 2810 ecrit
653 2768 900 2819 aujourd‘hui
919 2770 1118 2819 Offemont.
1136 2769 1240 2806 Cette
1260 2775 1358 2806 terre
1374 2767 1519 2806 n’avait
1534 2780 1603 2819 pas
1617 2767 1654 2806 le
1669 2767 1757 2806 titre

347 2831 394 2870 de
412 2830 599 2870 baronnie
617 2843 692 2881 que
712 2829 767 2867 lui
785 2828 913 2867 donne
930 2827 1109 2866 l’auteur.
