2054 3470
662 336 805 372 LIBER
845 335 1114 372 SECUNDUS.
1520 337 1565 372 21
1576 338 1598 374 5

250 432 411 494 ltaque
438 441 600 473 mense
629 421 910 488 septembri,
942 437 1072 468 anno
1103 438 1238 482 Lx1x,
1274 421 1395 470 facta
1425 424 1601 471 exstitit

184 523 274 572 pax
305 514 351 552 et
378 500 721 550 reconciliatio¹
748 500 870 546 inter
893 515 1168 563 germanos,
1199 498 1498 547 Ludovicum
1527 518 1601 548 re-

186 599 292 647 gem
314 591 361 629 et
383 579 604 628 Carolum
620 613 632 637 ,
654 586 911 642 postquam
939 593 1092 623 annos
1119 576 1307 623 circiter
1326 587 1534 641 quatuor
1551 579 1599 625 in

185 655 499 706 simultatibus
527 655 795 720 apertisque
825 654 949 700 inter
973 669 1022 699 se
1048 652 1422 700 dissensionibus
1446 653 1601 702 detri—

185 736 382 796 vissent,
413 750 512 781 non
540 734 642 780 sine
671 748 845 796 magua
872 731 1018 779 totius
1046 731 1180 795 regni
1201 732 1468 780 calamitate
1490 733 1603 781 inde

187 813 372 862 oborta.
401 811 505 858 Fuit
530 819 688 858 autem
712 809 896 873 magnis
919 809 1224 857 sacramentis
1258 827 1402 875 super
1422 811 1600 875 pretio-

186 890 389 938 sissimas
403 889 711 953 maximaeque
722 887 1041 935 venerationis
1058 886 1279 951 reliquias
1302 890 1607 936 Sanctorum*

187 969 312 1018 dicta
328 985 418 1034 pax
436 967 497 1015 ab
515 977 720 1032 utroque
737 967 912 1031 jurata.
935 969 987 1012 ln
1009 966 1156 1031 ipsius
1174 983 1368 1031 quoque
1387 967 1606 1032 capitulis

187 1045 427 1112 generales
450 1044 734 1093 abolitiones
760 1044 1189 1108 universorumque
1210 1043 1455 1091 bonorum
1477 1045 1609 1092 resti-

186 1125 394 1172 tutiones
427 1123 597 1170 fiendae
641 1122 869 1170 omnibus
897 1121 1072 1186 quibus
1102 1120 1314 1168 ablatum
1343 1121 1607 1186 quidquam

186 1202 314 1266 regia
338 1202 619 1248 auctoritate
642 1200 825 1254 suisset,
858 1199 941 1264 qui
967 1208 1124 1264 partes
1151 1199 1264 1246 dicti
1294 1200 1366 1246 sui
1395 1201 1608 1263 germani

176 1279 338 1328 ,secuti
373 1295 598 1326 earumve
629 1277 830 1325 studiosi
859 1277 1162 1342 fautoresque
1188 1277 1391 1339 fuerant,
1419 1278 1609 1326 suerunt

189 1356 473 1404 nominatim
489 1355 883 1421 comprehensae³.
907 1354 999 1402 Sed
1012 1353 1290 1418 hujusmodi
1306 1372 1405 1402 non
1422 1355 1611 1404 obstan-

191 1434 317 1482 tibus
339 1434 668 1491 sacramentis,
699 1432 852 1479 nihilo
875 1432 1079 1498 amplius
1100 1432 1213 1479 inde
1236 1449 1317 1480 rex
1341 1433 1610 1482 observavit

191 1529 337 1578 quam
357 1512 445 1559 sibi
463 1511 702 1559 collibuit⁴
722 1529 732 1558 :
753 1527 858 1575 quae
880 1527 955 1558 res
979 1510 1068 1575 ipsi
1093 1509 1224 1557 fratri
1247 1527 1335 1558 suo
1358 1511 1612 1560 vehemen-

192 1601 265 1639 ter
286 1589 584 1656 displicebat.

258 1670 424 1716 Statim
446 1677 607 1715 autem
632 1675 686 1713 ut
710 1665 880 1714 eadem
904 1681 997 1730 pax
1018 1665 1159 1727 inita,
1187 1673 1242 1712 ut
1268 1664 1499 1726 diximus,
1524 1667 1610 1716 ab·

194 1743 444 1809 solutaque
474 1744 582 1804 suit,
618 1743 822 1790 invicem
856 1741 1022 1789 fratres
1055 1741 1249 1790 suerunt
1278 1742 1526 1803 collocuti,
1561 1745 1609 1792 in

194 1821 439 1888 amplexus
470 1831 641 1868 mutuo
673 1830 867 1868 ruentes
898 1820 948 1867 in
984 1820 1144 1867 medio
1172 1820 1422 1885 cujusdam
1450 1823 1612 1887 pontis

247 1946 287 1984 1.
317 1946 390 1982 Les
414 1941 546 1981 lettres
570 1948 745 1992 patentes
769 1948 924 1993 portant
948 1953 1025 1991 que
1052 1940 1274 1980 dc'livrance
1297 1941 1346 1980 de
1372 1941 1412 1980 la
1436 1941 1615 1981 Guienne

195 2001 310 2042 serait
331 2001 420 2040 faite
448 2013 497 2039 au
526 2000 660 2051 prince
689 1999 757 2038 des
785 2000 820 2039 le
850 2000 946 2038 mois
971 2001 1021 2039 de
1048 2001 1145 2047 mai,
1170 2002 1295 2039 furent
1314 2001 1465 2054 signees
1484 2003 1505 2040 a
1525 2005 1617 2040 Am-

195 2061 302 2101 boise
332 2074 382 2100 en
408 2059 507 2098 avril
535 2062 662 2107 14693
688 2059 784 2098 mais
813 2060 850 2098 la
878 2060 969 2111 paix
994 2074 1043 2099 ne
1074 2061 1133 2099 sut
1154 2060 1267 2108 jaree
1294 2069 1402 2100 entre
1429 2061 1484 2100 les
1513 2060 1615 2100 deux

199 2121 318 2160 srcres
345 2133 421 2172 que
446 2119 483 2158 le
511 2121 534 2157 8
561 2118 799 2170 septembre,
824 2119 922 2158 ainsi
949 2131 1026 2171 que
1051 2120 1088 2159 lc
1112 2120 1168 2158 dit
1195 2121 1375 2168 l'auteur,
1406 2122 1518 2173 apres
1539 2134 1616 2173 que

198 2180 353 2221 charles
381 2188 447 2218 eut
474 2178 603 2217 donne
631 2192 691 2217 ses
720 2179 850 2218 lettres
869 2179 918 2218 de
938 2179 1204 2218 renonciation
1228 2192 1277 2217 au
1298 2179 1425 2218 duchc
1445 2179 1494 2218 de
1515 2181 1616 2219 Nor-

199 2239 364 2279 mandie.
388 2238 550 2290 Lenglet
567 2237 802 2289 Dustesnoy,
826 2240 1048 2286 commines,
1066 2247 1094 2277 t.
1115 2241 1195 2286 ΙΙΙ,
1219 2252 1258 2290 p.
1280 2241 1331 2277 93
1352 2247 1391 2277 et
1412 2240 1503 2278 107.

253 2301 293 2339 2.
322 2298 450 2337 L’acte
476 2297 529 2335 du
556 2306 724 2336 serment
750 2311 799 2336 ne
828 2298 894 2336 fuit
918 2299 1090 2337 mention
1114 2312 1191 2350 que
1215 2298 1264 2337 de
1287 2299 1325 2337 la
1353 2298 1460 2337 vraie
1486 2298 1617 2345 croix,

201 2359 408 2397 conset-vce
435 2357 529 2395 dans
553 2357 700 2410 l'eglise
726 2357 774 2396 de
799 2358 1040 2396 Saint—Laud
1064 2358 1253 2410 d’Angers
1278 2357 1412 2407 (ibid,
1439 2372 1478 2409 p.
1505 2360 1615 2406 106).

201 2418 334 2457 C’etait
358 2431 435 2457 une
467 2419 612 2469 relique
636 2418 824 2471 apportce
847 2418 948 2466 jadis
974 2432 1046 2470 par
1067 2419 1283 2469 Foulques,
1314 2418 1381 2469 qui
1407 2419 1463 2456 lut
1490 2418 1549 2456 roi
1572 2418 1621 2457 de

202 2477 433 2526 Jerusalem,
458 2486 496 2516 et
522 2491 589 2516 sur
613 2478 778 2528 laquelle
799 2478 915 2516 Louis
938 2480 995 2516 XI
1026 2478 1066 2515 fit
1087 2479 1198 2526 jurer
1221 2477 1358 2529 depuis
1378 2477 1551 2529 quantite
1573 2477 1622 2516 de

203 2550 427 2589 personnes,
448 2539 470 2575 Ξι
487 2533 599 2575 cause
616 2537 663 2575 de
684 2537 720 2575 la
739 2537 791 2575 foi
809 2538 902 2589 qu’il
922 2538 1025 2576 avait
1040 2542 1159 2589 qu’on
1176 2538 1343 2581 mourait
1358 2537 1454 2576 dans
1471 2537 1621 2575 l'annce

204 2595 333 2648 quand
351 2609 402 2634 on
419 2597 522 2634 avait
539 2597 641 2635 viole
659 2611 711 2635 un
730 2607 898 2636 serment
918 2599 1025 2649 prete
1044 2611 1111 2636 sur
1129 2598 1218 2636 elle.

260 2658 296 2694 3.
328 2655 546 2706 Cependant
569 2657 661 2695 elles
686 2657 813 2695 surent
835 2657 1010 2710 redigces
1028 2659 1051 2695 a
1067 2666 1167 2710 part.
1191 2656 1294 2696 Elles
1313 2664 1400 2695 sont
1422 2654 1551 2694 datees
1574 2653 1622 2692 de

205 2716 334 2769 Bauge
360 2729 409 2754 en
428 2717 574 2765 Anjou,
594 2718 671 2756 mai
690 2721 810 2759 1469.

259 2779 298 2815 4.
327 2775 510 2814 L’auteur
527 2775 676 2815 revient
693 2791 787 2816 avec
801 2777 887 2829 plus
904 2777 952 2817 de
969 2777 1084 2817 detail
1103 2791 1171 2816 sur
1188 2790 1232 2816 ce
1250 2776 1382 2829 point,
1405 2774 1471 2826 qui
1492 2774 1546 2812 lui
1569 2781 1626 2811 est

205 2834 432 2887 personnel,
458 2834 553 2872 dans
575 2848 645 2873 son
662 2837 871 2889 Apologie‚
890 2836 919 2875 l.
941 2841 980 2885 1,
1001 2851 1036 2876 c.
1061 2851 1128 2875 xx.
