2054 3470
757 327 902 364 unm
927 327 1169 374 QUARTUS.
1584 330 1655 368 εει

708 541 1048 588 CAPITULUM
1080 543 1201 590 V111.

260 679 452 726 Quomodo
471 687 552 728 post
566 679 804 726 conquisitum
824 679 977 716 Geldriae
995 680 1067 716 dux
1088 680 1302 730 Burgundiae
1318 682 1567 731 imperatorem
1584 684 1672 718 'rre-

306 734 415 771 verim
430 732 617 769 adventare
632 733 726 777 tecit,
743 732 927 781 adspirans
940 733 986 770 ad
1006 735 1120 782 regale
1135 735 1326 786 fastigium,
1341 744 1376 772 et
1389 737 1525 784 abipso
1541 736 1586 772 de
1601 735 1670 771 du-

307 795 387 825 catu
400 785 552 823 Geldriae
565 787 757 822 solemnem
770 787 1010 826 investituram
1023 789 1158 837 accepit
1171 789 1181 809 ¹
1189 815 1198 823 .

322 916 602 983 Adspirabat
623 915 819 981 quidem
842 925 981 977 tunc,
1018 915 1163 963 rebus
1195 917 1345 965 elatus
1377 918 1597 967 secundis
1626 929 1672 968 et

262 992 351 1042 sibi
374 994 484 1042 satis
506 994 746 1041 arridente
769 993 980 1053 fortuna,
1009 993 1070 1040 ad
1095 993 1317 1042 diadema
1337 995 1493 1060 regale
1513 995 1672 1044 hono·

261 1086 458 1136 remque
493 1087 549 1118 ac
578 1070 768 1118 titulum
793 1071 976 1133 regium
999 1071 1344 1135 acquirendum
1373 1092 1386 1119 :
1417 1089 1514 1138 quo
1537 1073 1672 1121 titulo

263 1147 379 1195 olim
400 1163 620 1211 regnasse
642 1146 801 1213 plures
831 1146 1226 1210 Burgundionum
1249 1148 1508 1214 principes,
1531 1151 1673 1197 etiam

262 1239 292 1272 a
311 1233 527 1290 tempore
558 1241 655 1288 quo
680 1240 814 1287 reges
842 1226 1134 1270 Francorum
1157 1239 1258 1270 esse
1285 1236 1559 1290 coeperunt,
1584 1227 1672 1274 mi-

262 1303 392 1350 nime
411 1302 609 1350 dubium
633 1312 701 1349 est
715 1304 745 1349 ².
777 1300 848 1347 Ad
869 1301 1144 1365 hujusmodi
1167 1310 1326 1348 autem
1352 1301 1574 1366 cupiebat
1594 1317 1673 1349 su-

263 1379 451 1442 blimari
492 1380 729 1443 dignitatis
764 1379 1000 1442 fastigium
1036 1379 1316 1426 auctoritate
1349 1381 1674 1426 Romanorum

263 1458 580 1522 imperatoris,
606 1459 689 1522 qui
712 1466 825 1504 tunc
856 1467 957 1504 erat
987 1457 1293 1516 Fridericus⁸‚
1318 1457 1416 1504 dux
1451 1458 1671 1520 Austriae,

264 1544 407 1599 atque
441 1535 692 1600 imperium
724 1551 811 1599 per
847 1550 999 1582 annos
1036 1534 1268 1599 plurimos
1304 1535 1671 1583 administrarat.

266 1612 409 1675 Cujus
427 1612 499 1658 sui
520 1611 742 1658 desiderii
770 1621 817 1658 et
844 1611 1087 1676 concupiti
1108 1611 1306 1658 honoris
1327 1611 1548 1676 potiundi
1571 1627 1675 1675 gra·

265 1688 353 1750 tia,
380 1689 605 1736 eumdem
634 1689 974 1753 imperatorem
996 1688 1252 1736 adventare
1278 1690 1340 1737 ad
1367 1690 1538 1738 urbem
1564 1693 1675 1737 Tre·

266 1781 491 1812 verorum
510 1782 611 1812 non
626 1781 774 1830 parvo
796 1774 986 1830 sumptu
1006 1766 1295 1830 procuravit.

331 1842 403 1890 Ad
426 1857 571 1906 quam
590 1859 702 1889 cum
731 1842 1029 1889 adventasset
1049 1858 1161 1889 cum
1191 1843 1301 1889 satis
1325 1842 1495 1890 humili
1525 1853 1673 1905 statu,

265 1935 355 1984 pro
378 1912 513 1966 tanto
538 1919 722 1982 fastigio
753 1919 1020 1983 dignitatis,
1047 1919 1258 1966 secundo
1280 1930 1391 1985 post
1424 1930 1506 1968 aut
1538 1922 1676 1968 tertio

265 1997 343 2044 die
363 1998 539 2062 pariter
560 1997 703 2044 etiam
723 1997 804 2044 illo
827 1996 1097 2044 adventavit
1115 1997 1507 2060 Burgundionum
1532 1999 1629 2046 dux
1643 2000 1675 2061 ⁶,

267 2091 378 2122 cum
397 2084 531 2121 tanto
555 2084 603 2121 et
621 2084 715 2121 tam
738 2073 890 2121 nobili
913 2075 1167 2134 comitatu,
1194 2084 1239 2121 et
1259 2092 1370 2122 cum
1390 2063 1522 2124 tanta
1546 2078 1681 2124 vesti-

267 2163 563 2212 mentorum,
598 2169 842 2200 armorum
879 2163 926 2199 et
953 2163 1347 2200 ornamentorum
1369 2171 1572 2220 pompa,
1599 2165 1675 2217 ut,
1745 2178 1751 2184 ·

267 2229 435 2295 procul
469 2229 642 2289 dubio,
681 2230 730 2276 in
781 2239 905 2277 statu
943 2240 990 2276 et
1029 2241 1260 2294 apparatu
1299 2248 1387 2278 suo
1429 2233 1680 2297 augustalis

267 2309 426 2373 potius
464 2307 682 2371 majestas
723 2316 770 2354 et
807 2306 1158 2371 magnificentia
1187 2308 1378 2356 illucere
1418 2326 1474 2358 ac
1514 2326 1679 2376 super-

326 2464 361 2500 1.
390 2459 568 2512 Chapitre
586 2460 765 2512 imprime
781 2460 874 2499 dans
888 2460 1162 2510 l'Amplt'ssima
1174 2465 1355 2510 collecdo,
1371 2472 1399 2502 t.
1418 2467 1485 2515 1v,
1498 2466 1572 2503 col.
1584 2468 1675 2505 767.

323 2521 361 2557 2.
391 2522 444 2557 Le
463 2532 647 2569 royaume
667 2519 714 2556 de
733 2522 983 2572 Bourgogne‚
1007 2520 1200 2570 plusieurs
1220 2522 1291 2559 sois
1313 2522 1431 2561 defait
1450 2532 1487 2562 et
1507 2524 1634 2572 resait,
1655 2538 1678 2563 a

269 2576 366 2616 dure
384 2578 520 2629 depuis
538 2578 770 2629 l’empereur
789 2578 982 2617 Honorius
1000 2578 1182 2630 jusqu’en
1202 2582 1320 2620 1032.

325 2639 362 2674 3.
393 2636 571 2674 Frederic
593 2639 657 2676 lV.

324 2699 361 2735 4.
393 2699 642 2746 L’empereur
665 2696 795 2734 arriva
812 2700 833 2734 a
849 2698 992 2735 Treves
1022 2698 1058 2736 le
1080 2699 1130 2736 29
1150 2698 1367 2750 septembre
1387 2701 1504 2739 1473.
1525 2703 1579 2739 Le
1598 2702 1678 2740 duc

270 2754 354 2793 vint
380 2755 547 2807 prendre
567 2754 666 2806 logis
695 2754 731 2792 le
760 2757 815 2792 1·=
847 2755 1004 2794 octobre
1023 2758 1046 2794 ἒ).
1078 2756 1255 2807 l⁷abbaye
1283 2758 1332 2796 de
1356 2759 1678 2799 Saint-Maximin

270 2813 360 2851 hors
382 2813 430 2851 de
450 2813 486 2851 la
505 2813 612 2859 ville,
635 2812 731 2850 ainsi
749 2826 824 2862 que
843 2813 1009 2852 l'auteur
1026 2815 1063 2852 le
1081 2815 1138 2853 dit
1159 2816 1245 2866 plus
1261 2816 1357 2856 loin.

481 2897 516 2920 u
1416 2890 1459 2924 21
