2054 3470
750 351 899 395 mm
924 357 1147 393 TERTIUS.
1583 360 1661 396 265

307 450 458 495 Porro
487 450 599 494 cum
628 444 721 494 hoc
751 443 814 493 ad
844 443 1054 491 Edoardi
1084 443 1377 509 pervenisset
1409 444 1657 503 notitiam,

243 542 382 573 suum
417 536 616 571 movens
649 523 792 570 etiam
827 522 1105 578 exercitum,
1133 522 1324 569 concito
1356 537 1515 584 gressu
1558 538 1661 568 ver-

242 620 320 651 sus
344 619 455 651 suos
475 601 696 648 inimicos
718 599 992 658 contendit,
1026 609 1073 646 et
1101 599 1161 646 ad
1191 599 1381 658 locum,
1407 615 1508 645 non
1538 598 1660 646 ultra

240 667 429 727 duobus
460 677 668 724 millibus
697 676 758 723 ab
788 677 854 723 eis
878 687 1116 724 remotum
1135 712 1147 735 ‚
1170 693 1256 724 sua
1283 685 1435 724 castra
1463 676 1654 723 locavit.

238 760 347 816 Quo
380 757 587 804 exterriti
617 756 786 803 nuntio
817 756 978 820 regina
1002 756 1200 821 ejusque
1224 755 1347 803 filius
1378 754 1654 813 Edoardus,

237 844 388 883 castra
409 843 653 881 moventes
670 850 759 880 nec
778 849 1085 896 congressum
1103 834 1225 896 regis
1244 834 1346 880 ausi
1362 842 1654 898 exspectare,

237 904 385 959 noctu
420 911 533 959 inde
570 911 766 975 digressi
796 921 933 971 sunt,
970 921 1017 958 et
1054 921 1153 958 tota
1188 911 1456 975 equitantes
1486 921 1655 968 nocte,

236 990 664 1053 continuantesque
690 989 779 1035 iter
805 1006 890 1053 per
918 989 1046 1036 diem
1074 998 1374 1053 sequentem,
1408 988 1469 1036 ad
1495 988 1656 1036 villam

243 1066 508 1130 Tewsbury'
538 1076 874 1132 pervenerunt,
897 1083 923 1114 a
938 1066 1046 1114 loco
1065 1067 1225 1132 priore
1245 1083 1325 1113 sex
1348 1066 1538 1130 triginta
1557 1067 1658 1114 mil-

236 1143 429 1191 liaribus
453 1145 617 1210 patriae
639 1143 913 1190 distantem.

300 1224 424 1269 Sane
453 1238 563 1269 cum
589 1221 638 1268 id
657 1222 718 1268 ad
741 1221 951 1268 Edoardi
972 1222 1092 1285 regis
1116 1237 1253 1268 aures
1277 1220 1516 1286 perlatum
1539 1222 1654 1269 fuis-

236 1309 305 1345 set
322 1336 334 1357 ,
357 1299 500 1346 talem
522 1315 604 1346 eos
626 1298 908 1363 insequendi
928 1308 975 1346 et
990 1299 1118 1346 velut
1135 1299 1341 1346 venandi
1364 1298 1654 1362 diligentiam

237 1375 369 1435 fecit,
396 1376 528 1440 quod
552 1376 628 1424 die
652 1393 727 1423 111.
751 1377 962 1440 ejusdem
988 1377 1163 1424 mensis
1190 1377 1327 1435 maii,
1352 1393 1505 1442 prope
1530 1394 1655 1424 eam-

237 1452 347 1499 dem
377 1453 537 1500 villam
566 1453 626 1500 de
665 1453 916 1517 Tewsbwy
947 1455 1007 1501 ad
1030 1455 1119 1501 tria
1142 1454 1361 1501 milliaria
1379 1490 1391 1512 ‚
1424 1471 1534 1501 cum
1566 1472 1653 1502 suo

235 1530 438 1576 exercitu
471 1530 725 1595 applicuit,
752 1540 975 1594 vergente
994 1532 1094 1594 jam
1122 1531 1185 1578 ad
1215 1541 1407 1578 noctem
1431 1531 1509 1578 die
1527 1569 1539 1589 ,
1567 1532 1654 1580 ibi-

235 1623 329 1670 que
350 1608 664 1672 pernoctavit.
694 1609 910 1655 Crastino
941 1617 1100 1655 autem
1128 1608 1411 1655 adveniente
1437 1608 1514 1655 die
1532 1645 1544 1669 ,
1571 1610 1654 1673 qui

235 1694 333 1731 erat
354 1700 420 1730 ιν.
444 1684 557 1732 dicti
581 1687 754 1732 mensis
770 1724 781 1744 ‚
807 1686 903 1732 suis
925 1686 1122 1750 pulchre
1145 1687 1377 1734 ordinatis
1399 1687 1590 1735 aciebus
1608 1697 1653 1735 et

234 1763 415 1810 cunctis
441 1763 501 1810 ad
530 1763 841 1829 praeliandum
866 1765 1162 1829 praeparatis,
1191 1782 1340 1829 usque
1370 1782 1522 1831 prope
1552 1766 1653 1813 dic-

232 1847 328 1885 tam
359 1839 516 1886 villam
553 1840 761 1887 accessit.
799 1843 936 1887 Juxta
957 1850 1004 1888 et
1032 1858 1186 1906 prope
1215 1859 1358 1906 quam
1382 1859 1496 1890 suos
1518 1843 1653 1889 inve-

231 1916 366 1963 niens
387 1917 570 1977 hostes,
594 1920 641 1964 in
666 1933 838 1983 campo
861 1918 986 1965 vallo
1011 1919 1310 1966 communito
1332 1918 1547 1984 praelium
1572 1936 1653 1967 ex-

231 2003 517 2059 spectanteS,
552 1995 897 2042 commendans
931 2011 1123 2043 causam
1158 2013 1296 2044 suam
1332 1997 1652 2062 omnipotenti

231 2073 357 2133 Deo,
387 2088 500 2118 cum
531 2073 597 2120 eis
624 2082 863 2120 certamen
898 2082 1040 2136 atque
1074 2074 1352 2121 conflictum
1383 2074 1570 2122 habuit.
1598 2077 1648 2122 ln

231 2165 329 2212 quo
359 2149 420 2196 de
452 2150 564 2214 ipsis
590 2151 685 2197 suis
715 2150 931 2198 hostibus
960 2151 1344 2214 gloriosissimam
1370 2153 1645 2213 victoriam,

231 2225 390 2274 divina
411 2227 477 2273 sic
501 2227 752 2275 ordinante
775 2228 1072 2275 Providentia
1089 2266 1100 2287 ‚
1127 2229 1324 2276 feliciter
1345 2231 1620 2295 reportavit.

294 2303 634 2351 Occubuerunt
653 2315 811 2352 autem
834 2306 882 2352 in
905 2307 1010 2371 ipso
1037 2306 1198 2370 praelio
1220 2307 1440 2372 praesatus
1464 2308 1648 2355 Edoar-

231 2379 346 2438 dus,
378 2381 530 2428 dictus
552 2383 774 2447 princeps
796 2384 1026 2443 Walliae²;
1053 2384 1317 2444 Johannes‚
1348 2385 1489 2433 frater
1510 2386 1646 2434 ducis

231 2457 557 2519 Summerseti,
592 2459 747 2507 dictus
786 2461 999 2507 marchio
1038 2461 1099 2508 de
1143 2465 1344 2520 Dorset,·
1383 2479 1546 2511 comes
1584 2464 1645 2510 de

286 2608 325 2646 1.
353 2607 618 2660 Tewkes'nury.

285 2667 325 2704 2.
353 2668 407 2704 Le
422 2667 553 2718 prince
570 2668 618 2707 de
631 2669 759 2708 Galles
774 2670 831 2709 fut
847 2672 1032 2711 assassine'
1047 2686 1136 2713 sous
1150 2674 1206 2713 les
1222 2687 1325 2725 yeux
1340 2666 1561 2713 d’Edouard
1575 2676 1642 2724 IV,

232 2725 343 2776 apres
363 2724 399 2763 la
417 2725 584 2766 bataille.
609 2729 787 2767 L’ancien
810 2739 1038 2769 annotateur
1056 2732 1104 2771 de
1121 2741 1232 2772 notre
1253 2747 1326 2774 ms.
1349 2735 1452 2773 5962
1471 2732 1643 2785 rappelle

232 2783 313 2821 cela
344 2784 438 2823 dans
468 2798 544 2824 une
569 2795 659 2826 note
686 2789 898 2840 marginale
922 2805 932 2828 :
956 2794 1158 2831 Cominaeus
1186 2795 1363 2844 affirmat
1385 2808 1468 2831 eum
1495 2807 1520 2829 a
1548 2795 1643 2830 duce

234 2844 432 2881 Clarentias
451 2848 489 2880 in
508 2855 701 2895 conspectu
719 2849 891 2885 Edoardi
905 2854 1005 2900 regis
1024 2853 1260 2902 interfectum
1281 2866 1374 2890 esse.
