2054 3470
393 349 467 384 382
757 347 1099 384 HISTORIARUM
1127 346 1363 383 LUDOVICI
1399 345 1455 381 XI

391 435 628 482 Montium
651 436 832 500 potitus
869 435 973 494 fuit,
1007 433 1152 481 rebus
1185 443 1444 495 utcumque
1474 431 1570 479 illic
1601 447 1802 496 compo-

390 513 505 570 sitis,
533 522 580 559 et
609 513 813 559 hominii
835 522 882 559 et
905 510 1140 558 fidelitatis
1164 509 1470 556 sacramentis
1491 508 1553 556 ab
1575 509 1734 556 invitis
1758 517 1804 554 et

391 589 700 636 moerentibus
739 588 948 636 vassallis
986 587 1160 634 exactis
1195 596 1241 633 et
1262 586 1480 650 receptis,
1521 595 1678 632 totum
1701 584 1803 632 ani-

392 683 525 713 mum
547 667 609 713 ad
645 667 883 713 Suitenses
906 663 1216 712 debellandos
1253 672 1300 710 et
1323 661 1667 728 opprimendos
1691 677 1805 708 con-

392 744 545 790 vertit.
583 743 804 790 Manebat
838 743 966 790 enim
995 741 1085 788 sibi
1125 762 1146 784 <c
1184 740 1278 788 alta
1303 749 1461 787 mente
1493 749 1739 804 repostum
1777 758 1800 781 22

390 822 560 885 injuria
593 838 739 885 quam
760 820 850 867 sibi
879 830 983 866 tum
1014 819 1255 876 fecerant,
1282 835 1393 865 cum
1426 819 1475 865 in
1507 817 1672 865 castris
1706 816 1804 863 suis

391 897 655 946 infelicibus
667 907 777 944 ante
799 897 1013 943 Nussiam
1033 889 1254 942 militaret
1274 913 1284 940 τ
1306 912 1418 942 nam
1436 905 1609 942 etcum
1628 910 1804 956 magno

391 975 621 1034 exercitu,
665 974 780 1021 bina
823 974 949 1034 vice,
992 973 1270 1019 comitatum
1314 989 1457 1018 suum
1499 971 1800 1034 Burgundiae‚

391 1069 542 1117 prope
579 1068 691 1099 suos
723 1051 923 1110 limites,
965 1050 1074 1114 igne
1105 1059 1152 1097 et
1177 1049 1302 1096 ferro
1324 1050 1629 1114 populatam,
1654 1048 1805 1112 pluri-

390 1145 588 1193 masque
605 1128 862 1175 hominum
881 1127 1031 1174 caedes
1047 1136 1189 1191 atque
1206 1126 1398 1191 rapinas
1417 1125 1512 1172 illic
1529 1125 1798 1184 effecerant3

390 1213 437 1251 et
472 1202 701 1263 subinde,
738 1219 850 1249 cum
894 1200 1249 1264 Lotharingiam
1285 1199 1374 1246 sibi
1409 1198 1552 1246 armis
1588 1197 1804 1260 subigere

390 1280 651 1341 laboraret,
693 1280 835 1326 etiam
869 1279 1017 1343 ipsius
1041 1277 1155 1324 odio
1179 1277 1297 1324 etin
1326 1277 1426 1340 ejus
1454 1285 1799 1339 contemptum,

390 1357 568 1405 damna
587 1373 689 1404 non
712 1373 858 1422 parva
881 1365 928 1403 et
943 1355 1139 1418 injurias
1160 1355 1447 1417 irrogarant.

455 1436 660 1498 Hujusc'e
689 1435 830 1497 igitur
853 1433 1051 1497 injurias
1076 1432 1229 1479 ultum
1264 1432 1321 1478 iri
1343 1435 1622 1496 properans,
1660 1446 1688 1476 e
1718 1432 1805 1476 Lo·

390 1513 623 1577 tharingia
647 1529 815 1559 omnes
837 1512 1018 1576 copiaS,
1041 1520 1139 1557 tam
1169 1510 1384 1574 equitum
1412 1524 1556 1573 quam
1588 1507 1804 1573 peditum

390 1610 605 1651 suorum,
643 1609 757 1639 cum
789 1608 965 1656 magno
1003 1590 1115 1636 belli
1137 1598 1367 1654 apparatu
1396 1589 1446 1636 in
1479 1587 1805 1652 Burgundiam

390 1671 616 1734 primum,
645 1669 820 1717 deinde
844 1667 987 1734 paulo
1008 1677 1116 1732 post
1139 1668 1188 1714 in
1211 1666 1518 1725 Sabaudiam,
1539 1681 1690 1730 prope
1706 1664 1808 1710 Sui-

391 1749 598 1795 tensium
622 1748 868 1806 terminos,
894 1747 1146 1792 contraxit.
1174 1744 1267 1791 Ubi
1297 1753 1344 1790 et
1367 1744 1494 1790 dicta
1518 1742 1708 1789 ducissa
1728 1742 1807 1787 Sa-

391 1823 576 1871 baudiae
596 1825 640 1871 ei
663 1822 795 1888 apud
813 1825 1115 1869 Lausannam
1139 1820 1332 1868 obviam
1356 1820 1527 1867 venit¹.
1559 1821 1672 1864 Erat
1692 1816 1805 1863 etin

391 1902 491 1964 ejus
513 1903 743 1949 comitatu
759 1900 986 1947 dominus
1004 1915 1166 1946 comes
1187 1898 1247 1945 de
1264 1901 1479 1957 Romont,
1505 1895 1646 1942 frater
1670 1893 1806 1940 ducis

390 1979 652 2037 Sabaudiae,
684 1994 783 2024 non
810 1977 895 2023 diu
918 1986 1029 2023 ante
1051 1975 1311 2032 defuncti²3
1342 1973 1476 2036 cujus
1499 1972 1687 2019 comitis
1710 1979 1804 2017 ter·

391 2072 466 2102 ras
497 2066 543 2102 et
574 2071 728 2118 agrOS,
767 2055 849 2117 qui
870 2053 1153 2100 eorumdem
1174 2052 1464 2098 Suitensium
1492 2049 1668 2096 finibus
1689 2065 1807 2095 con-

391 2133 664 2192 terminant,
690 2132 778 2195 ipsi
801 2139 997 2195 perante
1019 2129 1221 2193 graviter
1239 2137 1555 2175 vastaverant.
1583 2125 1676 2173 Sed
1694 2142 1809 2190 prae-

392 2218 463 2256 ter
484 2225 590 2255 eam
612 2207 883 2271 querelam,
925 2222 1021 2270 qua
1049 2222 1186 2263 eum,
1222 2204 1286 2251 ob
1316 2220 1509 2251 causam
1531 2203 1666 2250 ducis
1690 2206 1806 2248 Bur-

391 2285 595 2349 gundiae,
617 2300 815 2331 exosum
834 2282 1093 2342 habebant,
1114 2283 1257 2330 etiam
1271 2282 1370 2329 odii
1389 2291 1437 2328 et
1452 2280 1806 2327 inimicitiarum

391 2362 684 2409 Suitensium
709 2360 964 2407 adversum
995 2376 1043 2406 se
1074 2359 1368 2406 incentivum
1393 2367 1439 2405 et
1463 2357 1675 2404 fomitem
1706 2356 1807 2420 ipse

445 2537 462 2572 1
474 2564 483 2572 .
516 2537 671 2572 Erreur.
694 2536 746 2571 Le
763 2532 837 2570 duc
857 2532 905 2570 de
923 2534 1155 2583 Bourgogne
1176 2530 1292 2568 n'alla
1309 2532 1328 2569 ὲ
1350 2532 1552 2568 Lausanne
1571 2537 1610 2568 et
1627 2542 1677 2568 ne
1695 2529 1751 2568 vit
1769 2529 1807 2568 la

391 2594 576 2633 duchesse
595 2592 642 2630 de
662 2592 799 2631 Savoie
819 2594 998 2642 qu’apres
1016 2591 1054 2628 la
1071 2590 1225 2628 bataille
1245 2589 1293 2628 de
1311 2591 1503 2628 Granson.
1525 2590 1700 2638 Molinet‚
1721 2599 1750 2630 t.
1770 2591 1805 2639 1,

390 2668 425 2691 c.
448 2650 616 2699 xxx1‚'et
632 2651 860 2689 l’Itineraire
881 2650 928 2688 de
947 2650 1105 2688 Charles
1127 2650 1163 2687 le
1181 2650 1398 2688 Temen-aire
1417 2649 1513 2688 dans
1534 2650 1695 2703 Lenglet
1716 2652 1805 2688 Du-

392 2713 560 2762 fresnoy,
583 2713 806 2758 commines,
825 2719 852 2748 t.
878 2713 938 2759 11,
960 2724 998 2761 p.
1022 2712 1116 2749 219.

447 2774 484 2809 2.
513 2769 682 2808 Amedee
706 2769 755 2807 de
777 2768 936 2817 Savoie,
970 2769 1071 2806 frere
1098 2767 1147 2806 de
1173 2771 1335 2819 Jacques
1350 2797 1360 2815 ,
1390 2776 1515 2807 comte
1541 2767 1590 2806 de
1614 2770 1804 2815 Romont,

393 2831 483 2869 etait
502 2838 603 2868 mort
621 2843 669 2868 en
695 2830 812 2868 1472.
