2054 3470
366 306 417 342 80
726 303 1066 341 HISTORIARUM
1093 303 1330 340 LUDOVICI
1359 304 1417 339 ΧῙ

367 391 428 439 ad
461 407 607 438 unam
640 390 817 438 duasve
847 390 1031 451 leucaS,
1075 390 1324 436 transitum
1362 390 1678 451 invenissent,
1712 391 1774 438 ad

366 479 461 516 tres
483 469 692 534 primum
715 470 1109 531 circumquaque,
1138 466 1312 514 deinde
1335 466 1397 514 ad
1419 477 1603 531 septem
1625 483 1775 531 usque

367 546 545 606 leucas,
572 562 657 611 per
678 555 849 602 terras,
875 561 1014 591 suum
1038 560 1218 590 novum
1241 544 1438 607 vectigal
1460 544 1749 609 prorogavit.

435 625 490 669 Et
507 639 619 669 cum
634 622 684 669 id
699 621 1088 669 clementissimus
1106 638 1188 668 rex
1205 621 1420 681 faciebat,
1443 637 1609 684 guerra
1630 637 1777 669 arma·

367 717 461 765 que
487 699 698 763 undique
727 700 776 745 in
804 715 953 762 regno
983 708 1028 746 et
1059 698 1384 762 adjacentibus
1415 699 1549 746 terris
1575 699 1778 747 silebant

369 788 510 843 atque
539 776 872 841 quiescebant,
904 792 992 823 nec
1027 774 1131 821 ulli¹
1161 776 1360 822 omnino
1399 776 1668 823 necessitati
1705 776 1778 824 vel

367 855 582 923 periculo
601 870 801 918 regnum
822 862 936 899 tunc
955 862 1056 900 erat
1074 854 1388 918 suppositum,
1408 854 1499 901 nisi
1514 871 1658 919 quam
1678 855 1779 919 ipse

368 932 458 980 sibi
480 931 608 980 velut
631 931 692 978 ab
715 930 876 977 inferis
899 929 1160 978 redivivam
1181 931 1418 979 excitaret.

801 1162 873 1207 CA
881 1161 1141 1206 PITULUM
1174 1161 1337 1205 XXIII.

482 1302 535 1335 De
549 1299 695 1334 luitione
709 1306 881 1334 terrarum
898 1296 1067 1332 Picardiae
1082 1305 1116 1331 et
1130 1308 1251 1331 earum
1267 1296 1333 1331 sub
1355 1294 1487 1342 regiam
1501 1293 1671 1329 ditionem

961 1352 1190 1387 restitutione.

437 1479 625 1528 Talibus
656 1479 797 1543 igitur
824 1477 902 1542 pie
930 1486 977 1523 et
1000 1478 1125 1540 juste
1155 1475 1216 1523 ab
1248 1491 1307 1522 eo
1334 1474 1593 1540 propositis
1617 1473 1784 1521 edictis

376 1559 565 1622 (contra
602 1572 703 1619 quae
746 1554 903 1601 nullus
940 1564 1056 1600 tunc
1094 1552 1291 1617 gannire
1327 1559 1659 1616 praesumeret,
1699 1549 1783 1598 sed

373 1635 570 1701 pariter²
601 1649 710 1680 suas
741 1632 902 1696 potius
933 1630 1125 1694 injurias
1155 1629 1342 1676 silentio
1371 1644 1615 1694 premere,
1652 1638 1783 1675 metu

374 1721 602 1770 terrente,
635 1726 802 1757 omnes
835 1708 1010 1773 pariter
1046 1706 1380 1770 cogerentur),
1413 1705 1589 1752 coactis
1619 1704 1785 1768 hujus-

374 1789 580 1850 cemodi,
604 1804 720 1851 quas
740 1786 1059 1852 praediximus,
1085 1784 1283 1843 artibus,
1309 1781 1666 1847 quadringentis
1684 1781 1785 1828 mil-

373 1865 497 1912 libus
537 1881 819 1923 aureorum,
861 1862 1035 1928 quibus
1071 1861 1317 1926 praedictas
1356 1860 1524 1907 terras⁸
1563 1857 1784 1905 Picardiae

374 1942 525 1989 lueret
553 1958 788 1988 summam
822 1939 1098 2002 hujusmodi
1121 1938 1365 2003 Philippo,
1389 1935 1783 1998 Burgundionum

375 2019 487 2066 duci
519 2019 710 2078 illustri,
745 2017 914 2065 devehi
949 2017 1074 2063 fecit.
1106 2015 1289 2062 Certior
1319 2014 1447 2060 enim
1475 2013 1576 2076 jaim
1605 2013 1666 2060 ab
1697 2029 1780 2070 eo,

376 2098 492 2145 dum
526 2113 663 2143 suam
694 2094 784 2141 sibi
819 2093 1111 2140 voluntatem
1144 2092 1425 2149 intimasset,
1457 2090 1604 2137 factus
1634 2090 1785 2137 fuerat

376 2174 508 2240 quod
535 2172 811 2236 hujusmodi
839 2172 1198 2236 pignoratarum
1225 2179 1456 2216 terrarum
1480 2167 1666 2214 luitioni
1694 2167 1784 2214 mi-

375 2254 504 2300 nime
521 2252 786 2309 obsisteret,
805 2250 889 2296 sed
904 2258 1060 2314 partas
1071 2247 1295 2312 pecunias
1307 2245 1579 2311 recipiendo
1593 2245 1783 2292 easdem

377 2330 578 2377 libenter
603 2328 694 2375 sihi
723 2327 1019 2374 deliberaret.
1054 2327 1256 2388 Recepta
1283 2324 1424 2386 igitur
1451 2322 1728 2386 hujusmodi
1756 2339 1783 2369 a

377 2407 569 2472 praefato
600 2405 818 2470 Philippo
846 2403 1072 2461 summa⁴,
1106 2411 1253 2448 terras
1281 2401 1403 2465 ipsas
1433 2416 1624 2459 omnes,
1653 2399 1785 2463 juxta

434 2566 473 2604 1.
507 2564 629 2602 Ullius
651 2561 744 2599 dans
766 2560 802 2598 le
821 2572 892 2597 ms.

433 2625 473 2662 2.
503 2624 659 2660 Comme
685 2624 838 2670 pariter
865 2626 921 2656 est
950 2617 1080 2669 repete
1115 2615 1201 2667 plus
1230 2615 1309 2653 loin
1340 2624 1378 2653 et
1406 2628 1482 2666 que
1508 2616 1546 2652 la
1569 2615 1707 2667 phrase
1729 2623 1786 2653 est

380 2682 575 2728 boiteuse,
593 2681 631 2729 je
652 2679 755 2717 lirais
776 2677 984 2715 volontiers
1000 2685 1156 2726 propter
1176 2688 1254 2725 quae
1280 2688 1330 2712 au
1349 2674 1426 2712 lieu
1448 2673 1496 2712 de
1513 2679 1675 2725 pariter.

439 2744 477 2780 3.
506 2741 698 2778 Praedictae
717 2748 822 2775 terrae
838 2736 932 2775 dans
950 2735 986 2773 le
1004 2748 1075 2772 ms.

434 2811 472 2846 4.
504 2811 557 2846 Le
576 2813 781 2858 payement
801 2804 857 2841 fut
874 2802 940 2840 fait
957 2814 1004 2839 en
1024 2801 1125 2838 deux
1147 2800 1232 2849 fois,
1251 2808 1289 2838 et
1306 2799 1361 2837 les
1379 2799 1481 2838 deux
1501 2799 1711 2850 quittances
1731 2796 1783 2835 du
