2054 3470
469 306 546 343 278
833 308 1177 346 HISTORIARUM
1203 311 1441 348 LUDOVICI
1468 312 1524 348 xl

941 505 1282 550 CAPITULUM
1314 507 1415 551 XV.

469 639 682 685 Quomodo,
703 641 924 675 currentibus
943 640 1073 675 eisdem
1097 642 1239 688 treugis,
1260 642 1420 685 Carolus,
1439 641 1510 676 dux
1534 642 1751 687 Aquitaniae,
1776 642 1888 678 foedua

518 707 600 729 cum
632 694 723 728 duce
753 693 965 740 Burgundiae
996 694 1192 741 copulavit,
1222 705 1255 729 et
1285 696 1449 730 comitem
1477 695 1668 730 Arminiaci
1690 695 1761 730 suis
1788 696 1888 731 terri·

519 749 692 792 restituit3
709 757 742 782 et
761 747 804 782 de
822 748 923 795 gestis
941 748 1098 794 ejusdem
1117 750 1266 786 comitis.

541 867 611 914 Ab
624 869 769 915 armis
791 868 950 932 itaque
967 869 1162 929 interea,
1179 868 1457 932 hujusmodi
1473 870 1755 917 durantibus
1771 879 1891 917 treu-

476 946 571 1008 gis,
608 946 831 1009 utrinque
866 955 936 992 est
970 955 1225 1000 cessatum;
1251 946 1382 994 nulla
1416 957 1574 995 tamen
1609 957 1742 994 extra
1775 964 1890 1011 pro-

475 1022 627 1085 priam
651 1022 879 1086 cujusque
900 1021 1224 1069 obedientiam
1246 1023 1501 1071 currebant
1530 1024 1578 1070 in
1609 1023 1888 1072 alterutrum

477 1099 783 1154 commercia,
810 1099 893 1145 sed
917 1099 1029 1146 odia
1041 1100 1270 1146 acerrima
1289 1099 1543 1147 durabant.
1564 1101 1710 1148 Dietae
1733 1100 1891 1164 plures

478 1176 600 1222 inter
638 1186 796 1240 partes
838 1177 1106 1223 constitutae
1141 1177 1350 1234 fuerunt,
1385 1178 1432 1223 in
1469 1175 1644 1239 quibus
1678 1176 1739 1224 de
1775 1195 1892 1242 pace

477 1262 780 1313 tractaretur-3
806 1269 971 1300 verum
1001 1271 1111 1300 cum
1143 1253 1271 1300 nulla
1296 1253 1366 1299 vel
1394 1254 1593 1300 minima
1619 1270 1702 1318 spe
1729 1270 1896 1318 perve-

479 1330 644 1376 niendi
675 1330 735 1376 ad
766 1330 951 1377 bonum
983 1332 1112 1395 pacis
1145 1348 1333 1395 semper
1364 1327 1498 1395 paene
1542 1330 1892 1378 discedebatur.

480 1410 585 1454 Non
606 1419 763 1453 tamen
783 1407 979 1455 feriabat
997 1408 1217 1472 quaelibet
1235 1408 1443 1472 partium
1461 1407 1636 1456 foedera
1651 1408 1741 1455 sibi
1756 1418 1896 1473 atque

481 1484 669 1544 auxilia,
689 1484 1024 1549 undecumque
1041 1495 1252 1551 possent,
1265 1501 1545 1550 comparare
1557 1495 1602 1532 et
1616 1485 1894 1543 conciliare3

484 1562 613 1608 unde
653 1561 874 1609 effectum
913 1573 1007 1623 est,
1049 1562 1329 1626 hujusmodi
1367 1573 1584 1626 tempore
1626 1572 1899 1627 treugarum

483 1642 828 1705 percurrente¹,
854 1650 907 1687 ut
932 1641 1136 1687 amicitia
1159 1642 1282 1687 inter
1312 1640 1707 1704 Burgundionum
1727 1640 1899 1688 ducem

484 1727 531 1764 et
553 1717 776 1765 Carolum
795 1755 807 1778 ‚
847 1718 1074 1764 illustrem
1110 1718 1371 1782 Aquitaniae
1402 1718 1574 1764 ducem
1593 1754 1605 1772 ,
1635 1718 1757 1781 regis
1792 1734 1900 1780 ger—

486 1810 683 1842 manum
699 1832 710 1853 ,
736 1794 899 1841 denuo
923 1794 1246 1859 copularetur,
1274 1794 1448 1841 arctior
1469 1803 1516 1840 et
1539 1794 1740 1854 validior
1754 1810 1899 1857 quam

486 1889 701 1936 unquam
721 1881 859 1918 antea
877 1872 1143 1919 exstitisset.
1207 1862 1212 1867 ³

552 1950 638 1996 Cui
665 1948 984 1996 instauraudae
1010 1949 1223 1995 amicitiae
1244 1948 1492 2012 foedusque
1513 1948 1747 2007 solvendi,
1769 1948 1899 2012 quod

488 2026 632 2091 paulo
661 2036 771 2072 ante
793 2026 915 2072 iuter
935 2042 1095 2088 regem
1117 2035 1164 2071 et
1187 2026 1342 2090 ipsum
1372 2024 1610 2072 firmatum
1639 2026 1898 2085 exstiterat,

489 2103 606 2167 quid
638 2119 830 2150 causam
865 2102 1042 2162 attulit,
1078 2118 1177 2148 non
1213 2103 1322 2149 satis
1354 2101 1414 2148 ad
1457 2111 1640 2148 certum
1676 2101 1904 2149 hactenus

490 2180 667 2227 habere
710 2180 966 2244 potuimus.
1019 2181 1051 2224 F
1053 2178 1250 2226 erebant
1299 2178 1517 2225 nonnulli
1572 2178 1902 2241 hujuscemodi

490 2257 788 2304 discessionis
814 2272 909 2302 suae
940 2272 968 2302 a
989 2271 1097 2317 rege
1122 2255 1262 2302 fuisse
1286 2272 1475 2302 causam
1492 2293 1504 2314 ,
1529 2255 1663 2319 quod
1687 2272 1785 2303 non
1810 2272 1904 2302 ser-

491 2343 596 2381 vata
632 2332 721 2379 sibi
745 2342 790 2378 et
816 2331 1073 2396 adimpleta
1096 2332 1297 2396 plurima
1322 2331 1411 2378 sibi
1442 2331 1662 2389 fuissent,
1686 2348 1792 2395 quae
1824 2348 1905 2379 rex

491 2412 541 2460 in
575 2410 655 2456 illo
684 2408 859 2455 foedere
883 2408 971 2455 sibi
1004 2425 1190 2456 servare
1224 2418 1270 2454 et
1301 2408 1561 2472 adimplere
1587 2408 1900 2472 promisisset;

493 2487 571 2535 alii
597 2486 729 2550 quod
753 2503 802 2533 se
825 2502 852 2532 a
881 2502 990 2548 rege
1017 2486 1395 2532 circumventum
1426 2485 1593 2543 fuisse,
1625 2485 1730 2549 ipso
1762 2486 1905 2534 etiam
1936 2476 1939 2479 ¹

493 2578 600 2625 rege.
620 2570 867 2608 attestante
888 2570 934 2607 et
954 2561 1111 2625 palam
1129 2577 1177 2607 se
1191 2560 1251 2606 de
1268 2559 1361 2606 hoc
1372 2560 1597 2623 jactante,
1617 2560 1900 2623 agnovisset.

494 2640 672 2686 Dixisse
706 2639 833 2686 enim
866 2655 948 2685 rex
979 2638 1169 2704 publice
1197 2637 1436 2685 ferebatur
1469 2636 1602 2702 quod
1629 2637 1758 2686 idem
1793 2653 1905 2685 suus

548 2797 566 2834 ¹
578 2823 586 2831 .
617 2797 861 2833 procurrente
877 2792 971 2831 dans
989 2792 1025 2830 le
1045 2805 1113 2829 ms.
