2054 3470
407 323 485 361 178
773 322 1118 362 HISTORIARUM
1142 321 1383 360 LUDOVICI
1408 323 1467 359 XI

407 410 644 471 versariis3
676 427 733 459 ac
761 426 958 473 omnem
983 427 1118 477 spem
1145 410 1193 457 in
1226 410 1329 475 ejus
1356 409 1533 458 auxilio
1561 410 1821 476 repositam

404 486 584 537 habere
600 488 871 537 videbatur.
1708 494 1710 496 ’

470 565 543 613 Ad
567 565 619 613 id
641 575 803 614 autem
823 564 1188 631 perficiendum,
1214 565 1342 613 velut
1364 565 1583 630 apposito
1602 564 1692 612 sibi
1716 564 1823 613 ido-

407 659 600 707 neoque
635 644 847 690 maximo
883 644 1200 690 instrumento
1217 677 1228 699 ,
1267 653 1369 690 astu
1408 653 1455 689 et
1485 642 1823 690 calliditatibus

406 719 532 767 illius
565 719 911 768 sceleratissimi
949 720 1237 785 proditoris,
1273 720 1461 767 comitis
1494 720 1555 768 de
1576 725 1643 768 W
1643 721 1819 781 arviclz,

405 796 646 863 utebatur,
673 813 760 862 per
782 797 917 860 cujus
939 796 1234 862 proditiones
1255 806 1303 844 et
1324 797 1463 844 dolos
1485 814 1567 844 rex
1591 798 1824 846 Henricus

406 891 555 938 regno
572 874 782 938 dejectus
805 884 852 921 et
872 874 1123 922 Edoardus
1138 875 1186 920 in
1205 891 1365 939 regem
1383 875 1663 922 sublimatus
1685 876 1825 923 exsti-

405 961 542 999 terat.
572 953 770 1016 Egitque
795 961 982 999 tantum
999 950 1337 1014 legationibus,
1361 953 1542 999 nuntiis
1559 962 1702 1017 atque
1721 953 1822 1018 epi-

405 1029 562 1090 stolis,
589 1040 642 1077 ut
666 1029 894 1077 eumdem
922 1028 1161 1094 perfidum
1181 1029 1461 1077 muneribus
1482 1032 1824 1096 promissisque

404 1107 661 1172 pellectum
690 1107 752 1154 ad
780 1123 830 1154 se
857 1123 1009 1170 usque
1038 1106 1390 1170 Rothomagum
1413 1108 1645 1169 traheret,
1670 1109 1824 1156 collo-

368 1185 371 1187 ’
408 1185 580 1248 quium
593 1201 704 1232 cum
719 1200 796 1242 eo,
816 1184 1012 1232 remotis
1027 1182 1295 1248 quibusque
1311 1184 1514 1244 arbitris,
1533 1184 1820 1233 habiturus¹.

471 1266 677 1310 Tantum
715 1272 874 1309 autem
916 1261 1116 1309 honoris
1150 1262 1520 1327 reverentiaeque
1551 1263 1595 1309 ei
1630 1262 1822 1324 detulit,

407 1351 641 1406 quantum
670 1358 760 1388 nec
788 1341 878 1406 ipsi
905 1339 1163 1404 Anglorum
1191 1341 1311 1403 regi,
1339 1340 1430 1387 sibi
1452 1340 1709 1398 foederato‚
1738 1339 1828 1386 sibi

406 1420 716 1467 reconciliato
736 1430 783 1467 et
801 1429 971 1485 pacato
993 1418 1338 1466 rationabiliter
1359 1418 1543 1466 deferre
1564 1417 1825 1465 debuisset.

409 1499 528 1544 Nam
565 1507 612 1544 et
656 1514 765 1544 cum
804 1496 1099 1543 Hareflutum
1113 1530 1126 1553 ‚
1165 1496 1298 1560 quod
1346 1496 1491 1543 totius
1533 1495 1667 1558 regni
1700 1493 1831 1542 velut

413 1575 633 1639 quaedam
661 1575 805 1623 clavis
832 1584 928 1636 est,
958 1574 1188 1634 venisset,
1217 1574 1370 1621 claves
1401 1573 1567 1639 oppidi
1596 1573 1687 1620 sibi
1708 1589 1832 1638 prae-

410 1653 587 1700 sentari
609 1653 829 1717 tradique
851 1652 982 1713 fecit,
1010 1661 1057 1699 et
1077 1651 1292 1699 similiter
1313 1652 1362 1698 in
1387 1651 1578 1716 oppidis
1600 1661 1647 1698 et
1668 1649 1834 1698 castel-

412 1730 492 1791 lis,
515 1747 825 1794 quocumque
849 1730 1102 1777 transitum
1128 1729 1323 1790 faceret,
1350 1728 1479 1775 idem
1508 1727 1610 1776 fieri
1625 1728 1763 1792 jussit
1785 1737 1833 1775 et

411 1807 696 1854 mandavit².
731 1810 853 1853 Cum
882 1816 1044 1853 autem
1071 1804 1293 1852 satellites
1318 1805 1441 1852 circa
1470 1804 1728 1863 ducentos,
1756 1803 1833 1851 vel

389 1878 640 1949 amplius,
668 1901 830 1931 secum
851 1883 1127 1931 adduxisset
1150 1882 1457 1945 Rothomagi‚
1484 1881 1729 1929 mandavit
1750 1897 1832 1928 rex

412 1960 758 2007 mercatoribus
774 1976 1066 2025 pannorum,
1086 1968 1182 2006 tam
1201 1958 1261 2005 de
1278 1958 1388 2006 lana
1403 1972 1548 2023 quam
1573 1957 1634 2005 de
1658 1958 1830 2016 serico,

412 2048 467 2085 ut
482 2037 718 2102 quidquid
735 2037 796 2084 de
811 2038 909 2084 suis
923 2037 1126 2085 officinis
1142 2037 1313 2100 singuli
1326 2053 1495 2083 eorum
1511 2037 1826 2100 requirerent,

413 2116 480 2162 eis
495 2115 675 2179 absque
693 2115 853 2179 aliqua
872 2114 1150 2162 difficultate
1171 2114 1444 2173 liberarent,
1465 2114 1671 2179 pretium
1690 2113 1751 2160 ab
1769 2115 1836 2161 eis

416 2191 553 2258 [non]
567 2201 837 2257 poscentes,
854 2191 987 2254 quod
1004 2208 1054 2238 se
1070 2191 1225 2238 facere
1238 2191 1420 2237 restitui
1433 2190 1493 2238 de
1506 2191 1705 2256 proprio
1719 2190 1835 2246 fisco

413 2270 593 2317 eisdem
615 2269 962 2316 mercatoribus
986 2268 1310 2334 promittebat.
1338 2268 1476 2315 Unde
1498 2262 1666 2315 omnes
1688 2268 1836 2316 ferme
1882 2283 1891 2286 ·

416 2348 606 2395 comitis
627 2347 843 2411 ejusdem
862 2346 1131 2412 stipatores,
1154 2347 1237 2410 qui
1255 2362 1366 2393 cum
1386 2345 1535 2392 laneis
1553 2354 1602 2392 et
1618 2361 1837 2392 commu-

473 2524 512 2561 1.
541 2524 576 2561 Α
603 2528 703 2560 cette
731 2528 942 2569 entrevue,
971 2518 1039 2570 qui
1067 2525 1133 2556 eut
1162 2516 1241 2556 lieu
1265 2516 1319 2555 du
1343 2518 1367 2554 8
1393 2529 1444 2556 au
1471 2518 1522 2556 18
1547 2517 1633 2567 juin
1655 2519 1776 2563 1467,
1799 2516 1838 2556 le

421 2590 547 2621 comte
569 2581 618 2620 de
638 2580 829 2621 Warwick
854 2592 895 2618 se
914 2579 1093 2631 presenta
1112 2590 1263 2617 comme
1282 2575 1557 2629 ambassadeur
1573 2577 1762 2616 acet-edite
1784 2575 1838 2623 du

420 2642 480 2680 roi
502 2641 783 2695 d'Angleterre.
811 2643 861 2679 Sa
881 2638 1121 2678 nomination
1134 2667 1145 2686 ‚
1173 2638 1285 2677 datee
1304 2637 1357 2676 du
1378 2640 1401 2676 6
1422 2639 1496 2677 mai
1518 2641 1640 2689 1467,
1659 2640 1717 2678 est
1741 2637 1837 2677 dans

416 2704 577 2753 Rymer‚
598 2709 627 2740 t.
648 2703 726 2748 XI,
747 2713 786 2751 p.
811 2701 903 2738 578.

472 2765 511 2805 2.
545 2763 731 2802 L’auteur
750 2762 875 2800 aurait
902 2775 955 2814 pu
975 2760 1124 2810 ajouter
1142 2773 1218 2811 que
1236 2759 1273 2797 le
1292 2759 1351 2797 roi
1368 2759 1445 2798 alla
1462 2758 1638 2799 recevoir
1657 2758 1694 2798 le
1711 2766 1838 2798 comte

420 2824 468 2864 de
486 2822 677 2862 Warwick
697 2823 720 2860 ὲ
737 2821 841 2860 deux
860 2820 981 2860 lienes
998 2819 1091 2859 hors
1109 2819 1158 2858 de
1177 2822 1329 2858 Rauen.
1349 2819 1494 2859 Chron.
1516 2817 1646 2858 scand.
