2054 3470
747 342 890 378 LIBER
929 341 1170 388 QUARTUS.
1586 341 1662 377 293

265 448 375 478 cum
398 431 462 478 ibi
485 429 718 495 aliquibus
741 429 1024 476 constitisset
1035 427 1227 486 diebus,
1261 438 1308 475 et
1331 427 1583 474 nonnullas
1606 445 1661 475 ex

267 507 474 554 turribus
495 516 542 553 et
574 505 941 571 propugnaculis
969 506 1197 553 moenium
1231 504 1402 552 ictibus
1437 504 1663 551 bombar-

267 584 434 632 darum
453 594 501 632 et
515 584 828 650 petrariorum
847 582 1106 647 dejecisset,
1130 584 1284 648 ipsam
1305 592 1375 630 est
1394 598 1663 647 expugnare

266 661 461 709 adortus
491 671 538 709 et
567 669 732 708 contra
760 677 865 708 eam
896 660 1125 707 insultum
1160 660 1289 707 dare.
1335 662 1386 706 ln
1420 675 1518 723 quo
1553 675 1661 705 cum

267 737 407 796 cives,
438 738 520 802 qui
551 753 727 802 pauca,
762 754 850 802 pro
885 736 1012 784 urhis
1047 736 1387 802 amplitudine,
1426 735 1668 789 habebant

267 814 424 862 adhuc
454 815 669 880 praesidia
694 815 915 875 militum,
945 814 1147 861 multum
1170 823 1500 879 premerentur
1521 822 1568 860 et
1590 815 1666 859 vix

268 891 330 939 ad
355 891 681 938 obsistendum
711 901 853 956 atque
883 891 1236 939 defendendum
1259 890 1544 948 sufficerent,
1571 906 1670 937 am-

230 1003 237 1007 .
266 967 410 1030 biguo
429 969 541 1015 satis
561 977 609 1015 et
623 969 805 1015 incerto
827 977 976 1015 marte
999 968 1260 1029 certabant,
1284 968 1375 1014 nisi
1397 977 1670 1034 opportune

268 1045 403 1093 valde
428 1046 494 1093 eis
522 1046 583 1092 ad
612 1047 837 1094 auxilium
872 1046 1219 1111 supervenisset
1251 1062 1378 1092 unus
1409 1046 1518 1092 satis
1555 1056 1670 1093 stre-

266 1136 390 1167 nuus
410 1119 507 1167 dux
522 1129 715 1168 centum
730 1121 1000 1168 lancearum
1019 1119 1140 1183 regis
1154 1123 1182 1166 ¹.
1206 1120 1317 1179 Qui,
1342 1137 1452 1167 cum
1469 1120 1669 1167 insultus

266 1192 415 1252 fieret,
458 1193 626 1242 urbem
661 1195 896 1258 ingressus
915 1232 927 1255 ,
977 1194 1159 1241 civibus
1204 1194 1410 1241 maximo
1447 1194 1668 1259 praesidio

267 1276 407 1331 atque
425 1267 592 1314 solatio
614 1267 722 1314 fuit:
741 1268 807 1315 sic
830 1267 963 1331 quod
977 1268 1077 1331 ejus
1092 1267 1267 1314 auxilio
1288 1267 1664 1330 BurgundioneS,

265 1342 347 1403 qui
368 1341 595 1388 insultum
614 1341 863 1401 faciebant,
888 1358 977 1407 pro
995 1351 1107 1389 tunc
1123 1343 1322 1406 repressi
1341 1351 1468 1388 sunt.

331 1417 690 1481 Burgundiones
724 1427 881 1464 autem
917 1434 1014 1464 non
1049 1434 1138 1481 pro
1166 1427 1298 1464 tanto
1321 1419 1559 1481 quiescere
1587 1418 1670 1465 de-

267 1503 537 1550 creverunt3
565 1494 648 1540 sed
678 1493 987 1542 validioribus
1011 1494 1261 1542 conatibus
1290 1494 1459 1540 urbem
1490 1511 1670 1560 propo-

269 1571 444 1618 nebant
463 1588 750 1636 expugnare,
775 1588 937 1619 muros
957 1582 1100 1636 atque
1128 1583 1280 1619 turres
1298 1572 1426 1635 jactu
1452 1572 1667 1637 lapidum

268 1657 315 1695 et
335 1658 575 1713 petrarum
597 1635 860 1712 quatientes
882 1665 936 1696 ac
958 1647 1244 1713 dejicientes.

332 1727 368 1771 E
394 1722 581 1772 diverso
603 1742 718 1772 vero
741 1726 935 1787 Franci,
963 1727 1045 1789 qui
1074 1742 1131 1773 ex
1163 1727 1362 1774 civitatis
1395 1727 1543 1792 ipsius
1571 1727 1671 1790 jac-

267 1813 390 1860 tura,
414 1802 452 1848 si
474 1817 579 1848 eam
596 1802 644 1848 in
663 1801 874 1848 hostium
890 1819 1058 1850 manus
1078 1804 1202 1867 passi
1219 1803 1413 1850 fuissent
1430 1803 1669 1862 devenire,

267 1879 443 1926 damna
485 1880 690 1926 maxima
729 1889 870 1943 atque
910 1879 1216 1927 incommoda
1260 1880 1351 1927 sibi
1383 1890 1672 1944 proventura

266 1972 367 2003 esse
394 1972 493 2003 non
527 1956 835 2019 ignorabant,
860 1957 920 2004 ad
948 1957 1048 2020 ejus
1075 1956 1400 2004 defensionem
1428 1958 1540 2005 totis
1563 1959 1673 2005 viri-

266 2033 358 2080 bus
378 2033 733 2081 incumbebant.
769 2034 923 2093 Unde,
947 2035 1183 2082 accersitis
1213 2045 1259 2081 et
1286 2035 1463 2082 coactis
1491 2036 1674 2099 magnis

268 2110 481 2173 equitum
511 2120 651 2174 atque
676 2111 890 2176 peditum
927 2112 1094 2176 copiis,
1120 2121 1216 2159 tam
1240 2128 1295 2159 ex
1323 2112 1506 2158 Parisiis
1526 2129 1671 2176 quam

270 2188 559 2234 Normannia
598 2197 645 2234 et
681 2188 782 2235 aliis
819 2189 954 2235 terris
992 2189 1156 2252 regiis,
1177 2189 1259 2238 ,de
1295 2205 1488 2236 annona
1531 2191 1673 2237 etiam

271 2274 412 2328 atque
454 2275 721 2313 commeatu
756 2267 1000 2330 copiosam
1027 2266 1258 2313 habentes
1283 2267 1631 2332 providentiam
1657 2305 1669 2327 ‚

274 2340 440 2388 urbem
473 2343 624 2406 ipsam
659 2342 798 2389 simul
833 2353 878 2389 et
910 2342 1137 2390 militibus
1159 2353 1205 2390 et
1233 2359 1426 2390 annona
1450 2345 1675 2409 impleve-

271 2402 382 2463 runt
405 2435 416 2463 :
441 2419 505 2465 ita
538 2428 589 2464 ut
622 2435 762 2483 supra
785 2418 951 2466 decem
977 2419 1138 2477 millia,
1167 2429 1261 2466 tam
1291 2420 1504 2484 equitum
1527 2438 1671 2485 quam

272 2494 504 2558 peditum,
539 2497 588 2542 in
612 2496 783 2543 diebus
814 2496 999 2560 paucis,
1032 2495 1144 2543 illuc
1186 2497 1246 2544 ad
1267 2497 1415 2562 ipsius
1437 2497 1567 2544 urbis
1589 2497 1671 2543 de-

274 2571 534 2618 fensionem
556 2575 879 2637 supervenisse
897 2574 1184 2621 dicerentur.

329 2699 366 2733 1.
415 2711 431 2728 ι
468 2694 608 2733 Arriva
644 2696 862 2735 Guillaume
892 2698 940 2735 de
973 2697 1124 2746 Vanae,
1155 2698 1365 2736 lientenant
1400 2699 1453 2738 du
1483 2698 1677 2737 seneschal

275 2754 322 2793 de
349 2754 604 2804 Normandie‚
634 2756 656 2793 a
683 2764 766 2793 tout
799 2755 900 2794 deux
928 2768 1018 2794 cens
1042 2757 1181 2795 lances.
1217 2775 1233 2790 u
1268 2757 1486 2808 Chronique
1515 2755 1680 2795 scanda-

277 2814 395 2851 leuse.
