2054 3470
386 349 461 386 356
749 348 1092 387 HISTORIARUM
1117 350 1355 389 LUDOVICI
1383 351 1441 388 XI

383 435 489 498 diae,
510 435 619 484 licet
637 435 1001 484 Coloniensibus
1017 437 1156 485 valde
1173 439 1352 500 invitis,
1376 439 1427 485 in
1451 456 1659 504 quorum
1678 440 1794 487 civi-

382 525 527 564 tatem
561 517 743 582 praeda,
786 527 837 564 ut
876 517 1082 566 diximus
1117 518 1279 583 [ducta
1306 518 1501 585 fuerat],
1535 530 1600 583 et,
1634 520 1796 585 quoad

381 592 509 659 [fuit]
532 594 753 658 facultas,
775 592 841 643 eis
865 595 1203 645 renitentibus.

828 793 1172 840 CAPITULUM
1205 796 1311 841 XVI
1318 829 1330 841 .

375 930 532 975 Qualiter
544 930 659 964 statim
675 938 756 977 post
768 929 842 964 dux
855 930 1068 978 Burgundiae
1080 931 1177 966 venit
1185 931 1372 977 Calesium,
1382 932 1459 977 ubi,
1472 932 1597 968 habito
1614 934 1792 980 colloquio

420 997 502 1019 cum
517 983 701 1026 Edoard0‚
722 984 920 1031 Anglorum
934 997 1031 1031 rege,
1047 984 1185 1019 sorori0
1201 997 1279 1029 suo,
1295 985 1451 1020 discessit
1464 998 1583 1021 versus
1597 987 1791 1022 Lotharin-

423 1038 536 1084 giam3
555 1045 589 1071 et
606 1038 804 1084 Anglorum
826 1051 888 1073 rex
913 1051 996 1073 cum
1014 1038 1169 1073 exercitu
1192 1051 1256 1073 suo
1282 1039 1378 1073 venit
1397 1051 1507 1086 usque
1523 1040 1711 1086 Peronam,
1730 1042 1793 1076 ubi

419 1091 537 1127 statim
552 1104 635 1126 cum
656 1092 877 1127 Francorum
896 1105 978 1139 rege
995 1101 1134 1140 treugas
1151 1093 1252 1136 fecit,
1271 1101 1305 1127 et
1321 1091 1367 1127 ad
1388 1093 1536 1140 propria
1549 1104 1790 1133 reversus-est.

441 1212 548 1267 Qua
570 1209 693 1257 facta
714 1210 1029 1272 restitutione,
1055 1221 1310 1258 moverunt
1329 1210 1571 1259 hincinde
1594 1223 1641 1260 et
1661 1213 1791 1262 abie-

377 1297 491 1335 runt
523 1288 757 1334 exercitus
785 1298 829 1335 et
865 1289 1100 1354 principes
1134 1288 1195 1335 ad
1231 1290 1462 1353 propria¹.
1501 1292 1560 1335 Et
1596 1290 1793 1355 quidem
1855 1293 1857 1296 ’

378 1364 655 1412 festinanter
678 1365 1071 1428 Burgundionum
1105 1365 1199 1412 dux
1236 1366 1284 1412 in
1321 1365 1593 1414 Flandriam
1625 1384 1796 1433 prope-

374 1441 511 1488 rabat
543 1458 655 1488 eum
687 1442 849 1507 paucis
879 1441 1152 1489 domesticis
1177 1443 1298 1500 suis,
1326 1442 1600 1506 relinquens
1634 1445 1795 1509 copias

373 1536 482 1566 suas
503 1519 552 1565 in
575 1519 698 1582 agris
719 1518 1077 1580 Leodiensibus,
1106 1520 1601 1584 Luxemburgensibus
1619 1531 1667 1569 et
1684 1523 1795 1570 vici·

374 1614 549 1645 narum
571 1606 821 1644 terrarum.
856 1597 1080 1644 Audierat
1101 1599 1230 1645 enim
1254 1599 1352 1662 jam
1382 1598 1619 1646 Calesium
1642 1617 1793 1666 appu-

373 1673 481 1721 lisse
502 1674 743 1720 sororium
755 1690 913 1734 suum,
937 1674 1197 1737 Anglorum
1214 1691 1392 1739 regem,
1410 1691 1613 1740 suasque
1631 1678 1792 1742 copias

376 1750 541 1798 dietim
557 1767 613 1798 ex
631 1750 796 1813 Anglia
817 1751 876 1798 ad
901 1767 950 1798 se
972 1751 1202 1815 trajicere.
1221 1752 1295 1799 Ad
1311 1753 1446 1815 cujus
1464 1754 1606 1800 etiam
1623 1770 1791 1801 occur-

377 1844 483 1874 sum
503 1828 604 1892 jam
625 1844 734 1875 eum
762 1839 1052 1892 praevenerat
1072 1828 1271 1876 domina
1292 1829 1507 1889 ducissa,
1534 1829 1650 1876 dicti
1672 1831 1792 1893 regis

377 1921 531 1963 soror,
555 1905 706 1952 multa
728 1905 1121 1953 vestimentorum
1144 1916 1426 1954 ornamenta
1446 1907 1668 1971 variaque
1689 1923 1792 1955 mu-

377 1997 492 2028 nera
522 1998 686 2028 secum
715 1981 957 2043 deferens,
990 1981 1164 2046 quibus
1198 1982 1387 2030 fratrem
1418 1999 1557 2029 suum
1587 2000 1791 2049 suosque

378 2070 571 2106 ornaret
589 2070 733 2123 atque
748 2059 1027 2106 honoraret.
1051 2063 1170 2106 Cum
1189 2069 1351 2106 autem
1369 2061 1510 2107 etiam
1530 2061 1591 2107 ad
1610 2061 1790 2110 dictum

378 2136 615 2184 Calesium
651 2136 951 2183 adventasset
985 2136 1378 2200 Burgundionum
1416 2136 1511 2184 dux
1527 2176 1540 2195 ,
1579 2154 1691 2185 eum
1727 2140 1790 2187 ad

379 2213 539 2278 plures
564 2213 665 2260 dies
687 2213 972 2261 associavit².

443 2293 498 2337 ln
522 2289 720 2354 quibus,
747 2306 858 2336 cum
881 2289 941 2336 de
965 2291 1150 2338 ratione
1174 2300 1222 2338 et
1243 2291 1411 2339 ordine
1430 2292 1791 2341 administrandi

378 2364 492 2412 belli
513 2365 714 2429 longum
731 2365 842 2412 satis
865 2366 989 2412 inter
1010 2383 1058 2413 se
1077 2367 1371 2430 colloquium
1390 2369 1700 2430 miscuissent,
1724 2370 1790 2417 fe-

378 2443 572 2491 rebatur
604 2443 728 2490 inter
755 2460 837 2490 eos
867 2444 1145 2491 condictum
1177 2455 1251 2507 ut,
1277 2446 1506 2509 quoniam
1535 2447 1790 2495 amborum

377 2521 608 2569 exercitus
631 2530 677 2568 et
699 2521 847 2584 copiae
871 2524 1211 2586 utrorumque³
1234 2522 1375 2569 simul
1398 2524 1445 2569 in
1464 2523 1631 2571 eadem
1652 2525 1790 2589 plaga

429 2660 467 2696 1.
498 2660 552 2695 Le
570 2658 621 2695 27
641 2656 726 2705 juin
749 2659 866 2694 1475.

426 2720 465 2756 2.
495 2718 548 2756 Ils
570 2718 758 2756 resterent
777 2716 993 2765 ensemble‚
1015 2725 1095 2756 tant
1111 2720 1133 2755 a
1148 2718 1271 2757 Calais
1289 2720 1379 2769 qu'a
1402 2719 1567 2769 Guines,
1589 2721 1641 2759 du
1667 2724 1716 2760 14
1738 2735 1787 2760 au

373 2780 423 2816 19
437 2778 566 2827 juillet
586 2779 705 2816 1475.
730 2777 890 2830 Lenglet
907 2778 1142 2827 Dufresnoy,
1166 2780 1388 2827 commines,
1405 2787 1431 2816 t.
1455 2783 1526 2827 111,
1549 2794 1589 2831 p.
1613 2784 1704 2820 217.

426 2839 463 2876 3.
497 2837 623 2875 Plutbt
641 2841 845 2885 utriusque.
