2054 3470
398 347 475 383 190
763 343 1108 382 HISTORIARUM
1134 343 1370 382 Lunovic1
1396 316 1472 380 x1'

397 432 600 481 subditis
621 433 737 493 suis,
764 442 846 480 aut
866 432 1026 481 inferri
1052 441 1293 498 pateretur
1311 449 1339 480 a
1361 431 1548 496 quovis,
1572 431 1612 478 si
1629 440 1807 496 posset,

397 511 462 559 ob
479 508 832 577 quamcumque
856 527 1073 571 causam,
1098 510 1367 575 querelam,
1391 527 1475 558 seu
1508 508 1810 557 occasionem

398 607 503 655 quae
524 590 707 638 oboriri
729 599 906 656 posset.

462 667 838 734 Comprehendit
863 677 1023 715 autem
1044 666 1141 714 hoc
1165 666 1295 732 pacis
1319 666 1445 714 initae
1469 664 1622 713 foedus
1643 680 1812 729 quam-

397 744 536 810 plura
558 746 802 811 capitula¹,
829 738 1004 810 quibus
1022 744 1246 810 perplura
1269 761 1352 792 rex
1377 744 1488 791 duci
1507 741 1809 807 Burgundiae,
1885 749 1891 760 ”

396 839 446 870 se
485 822 720 871 facturum
765 832 812 870 et
857 821 1178 870 exhibiturum
1220 820 1503 887 spondebat.
1546 823 1663 878 Quae
1710 835 1811 867 non

397 900 546 949 modo
577 901 714 949 dictis
748 900 973 948 roborata
1005 899 1311 946 sacramentis
1342 899 1474 963 (quae
1502 907 1726 963 uterque,
1759 906 1814 944 ut

397 977 581 1026 dictum
602 987 694 1040 est,
724 978 934 1043 praestitit
959 977 1009 1024 in
1036 974 1258 1024 manibus
1281 975 1540 1041 supradicti
1561 973 1815 1023 cardinalis

397 1055 798 1120 Andegavensis),
826 1054 911 1102 sed
933 1054 1116 1118 magnis
1139 1053 1282 1100 etiam
1307 1062 1356 1100 et
1381 1052 1619 1117 exquisitis
1647 1068 1814 1119 poena-

397 1151 508 1182 rum
542 1132 887 1199 adjectionibus
922 1131 1090 1180 vallata
1122 1121 1361 1191 fuerunt‘3
1395 1148 1454 1178 ex
1484 1129 1659 1195 quibus
1689 1146 1813 1177 non·

401 1211 542 1260 nullae
572 1212 790 1278 profecto
818 1211 956 1274 regiae
987 1208 1219 1273 majestati
1246 1225 1417 1274 parum
1443 1206 1754 1255 honorabiles
1786 1222 1815 1255 a

400 1290 616 1355 pluribus
637 1289 950 1356 putabantur.

465 1370 572 1417 Fuit
591 1370 753 1434 itaque
777 1385 839 1416 eo
866 1367 1038 1415 modo³
1058 1364 1301 1412 firmatum
1324 1362 1477 1412 foedus
1498 1371 1547 1411 et
1566 1360 1817 1410 conciliata

399 1463 492 1513 pax
525 1448 649 1495 inter
685 1447 840 1495 dictos
875 1445 1141 1511 principes,
1183 1443 1314 1510 apud
1350 1445 1615 1503 Peronam,
1654 1455 1818 1487 mense

402 1523 615 1586 octobri,
649 1541 779 1572 anno
810 1522 1009 1570 Domini
1033 1538 1090 1569 Μ.
1110 1536 1422 1569 cccc.van1.
1455 1518 1601 1583 Cujus
1638 1525 1818 1583 quanta

401 1603 542 1650 fuerit
574 1602 788 1662 duratio,
824 1611 1001 1666 quanta
1033 1599 1260 1648 stabilitas
1292 1595 1816 1665 atque’permanentia‚

401 1681 546 1746 paulo
569 1691 679 1747 post
707 1681 757 1729 in
779 1678 1088 1746 sequentibus
1110 1678 1384 1726 referemus.

455 1841 494 1877 1.
524 1840 621 1890 Voy.
645 1837 683 1876 le
704 1846 805 1876 texte
823 1837 872 1875 de
888 1850 932 1875 ce
951 1835 1061 1874 traite
1080 1843 1118 1874 et
1135 1833 1235 1873 celui
1253 1834 1320 1872 des
1341 1832 1468 1886 pieces
1489 1832 1556 1883 qui
1575 1834 1632 1882 s'y
1653 1842 1814 1881 rappor-

401 1905 482 1936 tent
500 1897 595 1935 dans
615 1897 650 1935 le
672 1899 880 1935 commines
901 1895 950 1934 de
973 1893 1133 1947 Lenglet
1152 1893 1387 1944 Dusresnoy,
1407 1900 1436 1929 t.
1460 1893 1530 1930 ΠΙ.

454 1958 493 1994 2.
533 1959 587 1995 Le
617 1956 678 1994 roi
709 1953 954 1994 introduisait
991 1966 1140 1992 comme
1175 1951 1354 2004 gardiens
1390 1950 1458 1988 des
1489 1948 1730 2001 stipulations
1763 1947 1819 1986 les

401 2017 555 2067 princes
572 2015 625 2053 du
644 2028 739 2067 sang
757 2014 851 2065 qu'il
871 2012 1071 2066 de'gageait
1085 2011 1134 2050 de
1152 2019 1236 2049 tout
1254 2018 1422 2048 serment
1439 2017 1476 2047 et
1494 2008 1543 2048 de
1560 2015 1666 2046 toute
1687 2006 1819 2045 obeis-

402 2087 514 2113 sance
535 2087 673 2112 envers
692 2073 770 2121 lui,
790 2072 849 2110 s’il
874 2071 1006 2110 violait
1026 2071 1064 2109 le
1090 2070 1223 2118 traite3
1244 2070 1272 2107 il
1295 2082 1335 2107 se
1354 2068 1572 2107 soumettait
1590 2080 1639 2106 en
1657 2074 1770 2105 outre
1796 2067 1819 2104 'a

401 2133 439 2172 la
459 2133 675 2186 repression
694 2132 743 2170 de
763 2125 938 2184 l’Eglise,
961 2130 1156 2168 declarant
1173 2129 1262 2167 nuls
1282 2136 1367 2168 tous
1388 2128 1443 2167 les
1467 2127 1675 2180 privileges
1695 2126 1763 2178 qui
1781 2125 1819 2164 le

403 2193 600 2232 mettaient
617 2193 673 2231 lui
698 2200 736 2230 et
763 2205 832 2231 son
857 2203 1044 2242 royaume
1069 2189 1277 2229 au-dessus
1302 2188 1369 2227 des
1388 2200 1569 2227 censures
1589 2185 1820 2226 ecclesiasti-

402 2265 514 2304 ques,
533 2265 583 2291 en
600 2251 759 2291 matiere
777 2251 825 2290 de
843 2251 977 2290 choses
995 2249 1256 2301 temporelles,
1273 2256 1365 2296 etc„
1386 2256 1459 2286 etc.

459 2315 497 2351 3.
527 2314 626 2351 N’en
644 2312 814 2365 deplaise
829 2314 851 2350 a
870 2311 1050 2359 l'auteur,
1067 2309 1095 2347 il
1114 2317 1219 2348 omet
1235 2309 1272 2347 le
1291 2307 1479 2361 principal
1498 2306 1566 2359 qui
1588 2313 1646 2345 est
1660 2303 1818 2343 l’incar-

404 2372 574 2412 ceration
595 2372 648 2412 du
667 2372 727 2412 roi
747 2372 921 2424 lorsqu’il
941 2371 999 2410 fut
1015 2369 1122 2410 entre
1139 2372 1161 2408 a
1175 2369 1365 2410 Peronne.
