2054 3470
743 328 889 366 LIBER
915 326 1185 367 SECUNDUS.
1596 327 1674 366 18³

262 419 583 481 molitionem,
615 431 720 481 quae
747 416 839 464 sibi
870 425 1040 463 contra
1070 431 1122 462 se
1154 423 1259 462 tum
1291 414 1670 480 praeparabatur,

261 497 432 547 avertit
470 505 517 544 et
550 510 803 543 vanescere
834 493 960 540 fecit.
995 495 1053 540 Et
1085 493 1277 557 utique,
1323 483 1436 539 cum
1473 503 1673 558 perante

262 574 488 622 amicitias
503 572 564 620 ad
578 571 837 619 Henricum
854 586 1016 634 regem
1031 569 1274 628 habuisset
1287 569 1386 633 (cui
1400 571 1675 634 propinqua

263 651 372 698 satis
395 659 494 699 erat
519 666 576 696 ex
598 658 815 696 materno
840 650 1031 712 genere¹
1055 646 1343 710 cognatione
1364 646 1677 710 conjunctus)

262 727 516 792 fuissetque
546 725 755 793 partium
784 741 981 772 suarum
1013 724 1279 784 studiosus,
1308 733 1356 771 et
1381 724 1527 772 etiam
1556 732 1677 772 tem·

261 820 379 870 pore
404 821 502 870 quo
526 815 660 870 pater
690 820 802 851 suus
831 802 1059 850 Edoardo
1090 801 1339 850 manifeste
1364 801 1582 862 favebat,
1613 802 1676 850 ad

262 881 412 930 foedus
433 899 544 930 cum
569 881 792 929 Edoardo
819 880 1086 928 ineundum
1111 890 1254 944 atque
1280 879 1551 928 *feriendum
1575 897 1675 929 non

261 958 393 1008 facile
419 961 636 1008 animum
664 959 957 1018 inclinasset,
989 958 1105 1018 nisi,
1138 958 1202 1005 ob
1235 959 1355 1023 regis
1381 961 1676 1008 Francorum

260 1037 505 1086 molimina
543 1053 647 1102 quae
678 1037 727 1083 in
756 1036 829 1083 sui
865 1036 1063 1082 exitium
1094 1035 1213 1083 illud
1242 1036 1497 1102 praeripere
1528 1053 1676 1085 cona-

258 1113 449 1175 bantur,
473 1115 748 1162 necessitate
767 1113 1044 1179 compulsus
1062 1113 1238 1161 fuisset.
1261 1113 1356 1161 Sed
1374 1130 1486 1161 cum
1505 1113 1555 1160 id
1577 1123 1676 1162 tam

259 1202 475 1241 accurate
503 1192 686 1257 exquiri
710 1191 964 1239 adversum
993 1207 1043 1238 se
1070 1191 1391 1256 conspiceret,
1422 1192 1677 1240 necessitas

259 1269 348 1318 sibi
376 1269 593 1318 incubuit
614 1280 668 1317 ut
697 1268 786 1317 sibi
806 1267 1027 1316 consulto
1051 1268 1326 1334 provideret
1346 1267 1670 1317 adversarios-

259 1364 353 1412 que
373 1347 670 1412 praeveniret,
697 1347 737 1395 si
759 1346 915 1394 salvus
937 1356 985 1394 et
1006 1346 1277 1404 incolumiS,
1301 1347 1341 1394 si
1363 1347 1545 1411 integer
1567 1363 1676 1412 per·

260 1427 423 1474 sistere
446 1425 604 1474 vellet.

324 1503 472 1551 Vacui
497 1503 657 1567 itaque
679 1503 868 1567 suisque
899 1502 1105 1550 frustrati
1131 1501 1382 1550 conatibus
1410 1503 1532 1567 regis
1559 1518 1675 1550 ora-

259 1588 408 1641 tores,
442 1596 662 1628 remenso
689 1580 832 1641 mari,
868 1578 929 1626 ad
960 1579 1155 1644 propria
1180 1580 1356 1626 reversi
1378 1581 1530 1626 sunt’.
1559 1582 1676 1638 Quae

260 1673 334 1705 res
371 1657 495 1705 illius
531 1656 700 1723 perfidi
738 1657 799 1704 de
840 1656 1067 1703 Warvz'ck
1107 1656 1324 1703 animum
1360 1673 1461 1703 non
1502 1673 1675 1722 parum

260 1735 481 1796 offendit,
508 1736 591 1783 sed
612 1736 662 1782 in
686 1735 855 1783 odium
874 1734 1083 1782 Edoardi
1106 1735 1414 1782 vehementer
1431 1735 1672 1794 accendit3

259 1813 391 1878 quod
422 1813 508 1860 etsi
536 1822 673 1873 tunc,
699 1823 947 1878 premente
966 1822 1125 1873 metu,
1151 1811 1464 1871 dissimulavit
1497 1829 1553 1860 ac
1587 1813 1677 1861 sub

258 1901 451 1956 pectore
471 1891 602 1950 texit,
623 1907 722 1937 non
748 1900 908 1938 tamen
925 1907 953 1938 a
969 1890 1202 1938 memoria
1214 1890 1304 1937 sibi
1323 1890 1496 1938 excidit
1518 1891 1681 1939 simul·

258 1977 499 2033 tatemque
524 1984 711 2032 semper
738 1968 909 2015 exinde
935 1968 1188 2015 adversum
1215 1968 1493 2015 Edoardum
1520 1986 1679 2018 serva-

260 2046 351 2104 vit,
387 2055 434 2093 et
468 2045 735 2110 Anglicanis
768 2046 959 2111 populis
992 2062 1082 2110 pro
1116 2045 1298 2092 viribus
1331 2050 1444 2094 eum
1478 2063 1676 2094 exosum

314 2222 350 2257 1.
382 2221 431 2258 Sa
445 2217 704 2272 grand’mere‚
723 2219 760 2258 la
781 2218 922 2258 femme
937 2219 990 2258 du
1011 2220 1071 2259 roi
1087 2222 1183 2259 Jean
1203 2219 1252 2259 de
1269 2220 1470 2273 Portugal,
1491 2219 1584 2259 etait
1602 2233 1678 2260 une

260 2279 450 2332 princesse
468 2280 517 2319 de
534 2283 752 2319 Lancastre.

313 2341 352 2380 2.
385 2358 404 2375 u
430 2343 487 2379 En
505 2353 550 2379 ce
567 2349 689 2392 temps
706 2340 812 2385 (amit
833 2342 949 2390 1467)
969 2341 1241 2379 retournerent
1259 2340 1311 2379 du
1333 2340 1535 2392 royaulme
1554 2340 1679 2379 d‘An-

261 2396 423 2448 gleterre
449 2402 536 2451 Mgr
562 2398 763 2438 l'Admiral
786 2407 824 2437 et
843 2399 986 2437 aultres
1005 2398 1139 2437 dessus
1160 2412 1359 2449 nommez,
1380 2400 1448 2451 qui
1467 2400 1576 2451 ainsJ
1595 2401 1679 2438 s'en

261 2459 420 2497 estoient
435 2460 516 2498 alez
537 2473 632 2499 avec
657 2459 773 2497 ledict
798 2459 846 2497 de
867 2458 1059 2497 Warwich
1081 2472 1132 2496 ou
1151 2472 1248 2511 pays
1271 2459 1555 2512 d'Angleterre.
1581 2462 1677 2497 Les-

262 2518 371 2567 quelz
387 2532 413 2569 y
437 2519 708 2558 demourerent
730 2519 979 2573 longuement
991 2551 1000 2567 ,
1024 2527 1061 2557 et
1079 2523 1146 2570 n’y
1164 2519 1301 2558 feirent
1318 2521 1417 2561 rien.
1436 2524 1482 2558 Et
1497 2533 1567 2572 par
1587 2519 1679 2557 eulx

262 2575 378 2614 ledict
394 2592 463 2629 roy
482 2579 747 2632 d’Angleterre
769 2580 909 2618 envoia
936 2592 987 2617 au
1014 2592 1085 2629 roy
1110 2578 1177 2617 des
1210 2587 1380 2632 trompes¹
1411 2580 1459 2618 de
1479 2580 1613 2618 chasse
1642 2586 1680 2615 et

262 2635 464 2677 bouteilles
482 2639 529 2678 de
545 2654 654 2691 cuyr,
674 2640 909 2679 allencontre
927 2640 995 2678 des
1012 2640 1134 2678 belles
1149 2640 1277 2692 pieces
1295 2641 1395 2689 d’or,
1411 2653 1562 2692 couppe
1578 2638 1678 2686 d’oi·,

263 2695 460 2744 vaisselle,
487 2697 689 2748 pieri-eries
716 2708 755 2738 et
783 2700 926 2739 aultres
955 2700 1076 2738 belles
1106 2699 1337 2753 besoingnes
1371 2715 1448 2753 que
1478 2701 1514 2739 le
1547 2712 1618 2750 roy
1643 2706 1684 2736 et

263 2755 404 2794 aultres
418 2756 614 2808 seigneurs
626 2758 781 2797 avoient
793 2759 942 2798 donnez
955 2759 1084 2798 audiet
1095 2760 1287 2799 Warwich
1302 2762 1323 2798 ὲ
1339 2773 1408 2799 son
1422 2765 1650 2812 partement.
1661 2774 1677 2789 υ

263 2813 483 2866 Chronique
507 2815 769 2856 scandaleuse.
