2054 3470
290 340 302 344 ”
354 370 430 406 316
716 372 1059 411 msromARUM
1086 374 1323 412 mnovlcl
1349 375 1405 412 x1

352 453 508 522 ipsum
521 459 586 506 sic
603 458 968 518 detinuit¹.Quo
988 460 1269 510 decurrente
1290 455 1526 528 tempore,
1549 455 1660 512 cum
1681 456 1763 513 ne-

351 534 418 581 fas
439 534 713 598 hujusmodi
733 545 832 583 tam
854 536 949 583 dux
976 538 1254 601 Burgundiae
1273 555 1420 603 quam
1443 539 1540 586 dux
1556 539 1763 588 Clivien-

350 612 410 658 sis
426 614 455 670 ²,
481 612 735 677 pluresque
770 614 847 660 alii
879 631 933 661 ex
957 616 1322 678 consanguineis
1355 626 1403 663 et
1438 617 1604 664 amicis
1626 617 1762 666 ducis

348 700 702 736 exsecrarentur
736 700 783 737 et
813 691 1018 738 multum
1051 709 1172 756 aegre
1204 692 1403 754 ferrent,
1430 695 1531 758 ipse
1550 694 1647 741 dux
1669 695 1762 743 Cli-

348 767 519 814 viensis
564 767 626 814 ad
661 784 772 815 eum
803 768 1105 816 liberandum
1152 780 1321 817 contra
1358 770 1509 817 filium
1550 788 1683 820 arma
1716 783 1764 820 et

348 860 564 907 guerram
588 845 766 902 movit,
804 854 857 893 et,
886 861 1036 908 usque
1071 845 1119 891 in
1158 844 1401 893 Geldriam
1435 847 1641 894 intravit.
1668 849 1761 896 Sed

347 937 458 967 cum
482 919 605 966 filius
629 920 812 967 auxiliis
834 922 1285 984 Noviomagensium
1313 932 1360 969 et
1387 923 1595 988 plurium
1623 925 1762 972 nobi-

346 998 461 1045 lium
497 998 657 1062 patriae
688 998 887 1063 stipatus
911 1008 959 1045 et
983 998 1154 1045 obvius
1177 1001 1482 1060 occurrisset,
1506 1002 1764 1068 compluri-

346 1075 435 1123 bus
469 1076 596 1123 caesis
631 1086 678 1124 et
721 1076 1038 1142 captiv[at]is‚
1077 1077 1234 1124 fusum
1269 1088 1317 1125 et
1353 1078 1566 1142 fugatum
1601 1082 1762 1146 patriae

348 1152 522 1201 finibus
542 1154 695 1218 ejecit.

409 1234 468 1277 Et
490 1232 722 1296 quoniam
746 1231 874 1278 idem
909 1231 1033 1279 filius
1055 1249 1153 1279 non
1190 1233 1440 1296 ignorabat
1472 1235 1760 1299 impietatem

345 1324 481 1354 suam
529 1308 839 1355 vehementer
878 1308 1128 1373 displicere
1180 1311 1580 1373 Burgundionum
1622 1313 1760 1374 duci,

345 1385 446 1448 ejus
480 1386 741 1450 potentiam
777 1385 1038 1433 formidans
1075 1386 1297 1434 studebat
1332 1388 1510 1436 foedera
1545 1405 1658 1436 cum
1689 1390 1764 1438 his

345 1462 572 1526 copulare
590 1500 602 1523 ,
637 1479 759 1527 quos
791 1462 853 1510 ad
889 1480 1000 1510 eum
1030 1463 1106 1511 vel
1141 1464 1409 1512 inimicitias
1442 1465 1619 1513 habere
1637 1504 1650 1528 ,
1686 1468 1762 1515 vel

344 1539 444 1602 ejus
487 1541 663 1605 pariter
692 1541 817 1587 vires
851 1550 993 1606 atque
1023 1543 1289 1606 potentiam
1313 1552 1525 1591 metuere
1556 1561 1764 1608 cognos-

343 1616 495 1664 cebat.
521 1618 681 1678 Unde,
701 1619 918 1683 quamvis
939 1619 1040 1685 ipse
1059 1635 1184 1666 unus
1207 1629 1328 1668 esset
1347 1637 1403 1667 ex
1425 1620 1621 1669 delectis
1646 1621 1763 1669 mili·

344 1694 496 1754 tibus,
537 1696 720 1760 insigne
755 1696 1151 1760 Burgundionum
1187 1697 1366 1744 ducum
1402 1689 1581 1745 monile
1620 1708 1763 1764 atque

342 1773 555 1835 signum,
583 1773 745 1820 Vellus
764 1774 942 1821 scilicet
971 1791 1171 1822 aureum
1188 1776 1227 1834 ³,
1250 1775 1576 1823 deferentibus
1597 1775 1762 1840 (cujus

342 1850 527 1897 ratione
550 1852 734 1915 magnis
753 1851 990 1898 fidelitatis
1015 1853 1322 1900 sacramentis
1344 1852 1499 1899 eidem
1521 1852 1657 1910 duci,
1677 1853 1762 1916 qui

341 1926 442 1988 ejus
473 1936 620 1974 coetus
649 1939 791 1992 atque
823 1928 1122 1975 fraternitatis
1149 1930 1400 1989 exsistunt,
1433 1929 1657 1992 conjungi
1692 1939 1760 1976 te-

342 2004 582 2066 nentur),
626 2004 862 2051 ferebatur
895 2015 1055 2051 tamen
1094 2022 1205 2052 cum
1251 2004 1524 2052 Frisonibus
1565 2005 1761 2070 aliisque

341 2080 587 2126 nonnullis
623 2081 776 2128 foedus
814 2081 1086 2146 copulasse,
1118 2082 1201 2145 qui
1233 2081 1626 2146 Burgundionum
1648 2082 1760 2130 duci

338 2173 506 2222 parere
527 2158 924 2216 contemnebant,
952 2158 1320 2222 sollicitasseque
1354 2159 1541 2223 aliquos
1574 2159 1760 2208 nobiles

339 2244 483 2298 atque
526 2235 706 2299 oppida
737 2234 1023 2295 Hollandiae,
1052 2245 1104 2281 ut
1131 2252 1204 2282 res
1238 2252 1387 2283 novas
1422 2237 1469 2282 in
1508 2236 1759 2284 Hollandia

339 2312 562 2359 adversus
598 2311 771 2358 ducem
809 2312 1114 2375 Burgundiae,
1156 2313 1410 2360 dominum
1444 2329 1607 2371 suum,
1635 2314 1759 2360 exci-

339 2397 496 2434 tarent
520 2406 530 2433 :
557 2387 731 2452 quibus
753 2388 853 2453 ipse
875 2389 1051 2434 auxilio
1080 2388 1329 2436 adfuturus
1354 2389 1492 2436 foret.

407 2468 555 2511 Porro
578 2482 690 2512 cum
714 2466 815 2529 ejus
848 2465 1076 2513 factiones
1115 2476 1162 2514 et
1198 2467 1445 2512 molimina
1480 2465 1758 2529 hujusmodi

341 2531 734 2607 Burgundionum
771 2544 881 2591 duci
915 2545 1256 2601 innotuissent,
1294 2546 1376 2608 qui
1411 2546 1579 2609 saepius
1613 2544 1674 2592 ab
1697 2561 1756 2591 eo

339 2622 663 2668 commonitus
683 2621 850 2679 fuerat,
872 2622 1012 2667 variis
1034 2622 1177 2668 etiam
1194 2621 1255 2667 ad
1274 2638 1385 2667 eum
1411 2622 1614 2686 proinde
1630 2621 1756 2685 lega-

395 2747 432 2780 1.
464 2745 559 2792 Cinq
584 2741 679 2779 mois
699 2741 926 2788 seulement,
942 2742 1049 2780 selon
1067 2741 1297 2790 Commines,
1317 2741 1344 2780 l.
1365 2743 1434 2790 IV,
1451 2755 1485 2778 c.
1511 2756 1540 2781 1.

394 2807 432 2843 2.
463 2807 579 2851 Jean,
602 2803 676 2842 duc
694 2803 742 2842 de
760 2804 894 2843 Cleves
907 2834 916 2848 ,
939 2804 1166 2843 beau-frere
1186 2803 1239 2842 du
1258 2803 1332 2842 duc
1349 2803 1548 2842 Arnouldj

395 2867 431 2904 3.
463 2864 625 2903 L'ordre
643 2864 691 2903 de
707 2865 744 2903 la
762 2865 900 2903 Toison
919 2864 1025 2903 d’Or.
