2054 3470
402 300 477 336 232
761 300 1100 338 HISTORIARUM
1127 303 1363 340 LUDOVICI
1389 304 1445 340 XI

402 386 574 435 auxilia
611 387 818 447 miserit,
853 386 1011 450 qualia
1048 397 1162 436 tunc
1200 400 1412 454 poterat,
1454 391 1651 455 quando
1689 393 1812 442 inter

403 464 593 512 Henrici
629 464 751 528 regis
782 473 830 511 et
867 464 1076 512 Edoardi
1109 476 1291 530 partes,
1330 468 1454 515 circa
1491 468 1812 519 Eboracenses

402 542 657 603 terminos,
695 542 923 589 acerrime
958 541 1238 590 dimicatum
1270 555 1340 591 est
1377 564 1387 591 ε
1425 546 1473 592 in
1511 562 1610 610 quo
1650 547 1811 611 praelio

402 620 537 667 victis
552 657 564 680 ‚
593 619 674 684 qui
698 636 787 684 pro
810 618 1023 683 partibus
1045 621 1235 667 Henrici
1259 621 1579 680 dimicabant,
1606 639 1661 670 ea
1688 623 1811 672 cala-

403 699 541 744 mitas
574 713 722 759 regno
758 712 868 743 eum
900 695 1125 743 excedere
1164 707 1211 744 et
1241 698 1289 744 in
1325 700 1531 747 Scotiam
1562 700 1813 765 profugere

403 774 572 838 coegit.
611 775 723 819 Erat
757 772 885 819 enim
913 772 962 818 in
989 789 1047 819 eo
1070 773 1232 838 praelio
1255 775 1453 839 quidam
1475 778 1673 824 servitor
1693 778 1814 842 regis

403 855 719 910 Francorum,
745 858 861 895 tunc
897 848 1053 896 adhuc
1086 850 1257 897 Delfini
1275 887 1287 910 ,
1316 851 1470 900 dictus
1504 853 1728 902 dominus
1753 854 1814 903 de

405 926 616 974 Labarde
627 930 657 988 ¹,
683 927 764 991 qui
780 925 1003 972 vexillum
1019 935 1066 973 et
1084 927 1216 991 signa
1234 928 1334 991 ejus
1351 929 1570 977 militaria
1590 930 1747 996 palam
1767 941 1816 979 et

404 1004 674 1062 manifeste,
707 1003 808 1066 ejus
837 1003 1062 1064 nomine,
1087 1004 1364 1069 praeferebat
1382 1041 1394 1064 ,
1423 1015 1470 1052 et
1487 1006 1549 1054 ab
1577 1023 1636 1054 eo
1668 1007 1733 1054 ob
1764 1007 1813 1054 id

402 1083 560 1147 ipsum
595 1081 765 1128 missus
796 1080 1151 1145 destinatusque
1172 1083 1220 1128 in
1247 1082 1461 1146 Angliam
1483 1083 1635 1131 fuerat
1646 1086 1677 1131 ¹.
1705 1088 1816 1132 Post

402 1159 547 1223 patris
570 1174 684 1205 vero
710 1157 782 1204 sui
812 1157 998 1204 obitum
1017 1195 1029 1219 ,
1058 1168 1105 1204 et
1126 1169 1381 1223 postquam
1408 1160 1456 1206 in
1487 1177 1647 1223 regem
1667 1161 1814 1208 subli-

403 1245 560 1282 matus
593 1235 699 1292 fuit,
727 1233 890 1298 quales
912 1234 1094 1281 eisdem
1114 1236 1329 1298 cognatis
1353 1235 1449 1283 suis
1470 1236 1655 1284 favores
1677 1246 1815 1301 atque

402 1312 576 1360 auxilia
610 1311 904 1377 praestiterit,
931 1312 1040 1358 satis
1067 1328 1125 1359 ex
1152 1313 1319 1377 pactis,
1345 1330 1450 1377 quae
1474 1313 1535 1361 de
1555 1312 1651 1360 hoc
1674 1330 1815 1378 supra

403 1390 709 1448 retexuimus,
734 1389 917 1453 liquere
940 1397 1113 1453 potest.

469 1465 562 1512 Sed
586 1475 632 1513 et
650 1482 750 1512 non
768 1481 916 1530 parva
937 1464 1137 1528 dignum
1152 1465 1468 1513 admiratione
1489 1466 1663 1513 exsistit
1685 1467 1817 1532 quod

403 1559 596 1590 causam
617 1543 760 1606 hujus
780 1542 967 1590 foederis
987 1559 1097 1589 cum
1115 1543 1329 1608 principe
1345 1543 1527 1591 Walliae
1549 1544 1814 1608 praetendit,

403 1621 538 1685 quasi
559 1620 621 1667 ad
640 1621 787 1685 ipsius
807 1619 1013 1667 validam
1035 1619 1236 1667 sufficiat
1252 1619 1659 1684 justificationem,
1684 1621 1817 1685 quod

404 1699 499 1745 dux
525 1698 807 1762 Burgundiae
825 1698 923 1761 jam
942 1697 1023 1744 diu
1049 1697 1225 1745 foedera
1243 1707 1290 1745 et
1307 1699 1535 1746 amicitias
1552 1699 1819 1764 copulasset

404 1794 515 1824 cum
539 1777 763 1824 Edoardo
785 1776 842 1823 de
866 1776 914 1822 la
935 1777 1144 1823 Marcloe.
1173 1778 1222 1823 Si
1244 1779 1372 1824 enim
1398 1778 1657 1842 quidquam
1683 1794 1818 1824 men-

406 1855 463 1901 tis
482 1854 700 1915 haberet,
722 1854 990 1901 meminisse
1012 1869 1102 1900 nec
1121 1853 1340 1917 ignorare
1355 1864 1542 1919 poterat
1555 1854 1603 1900 in
1620 1853 1813 1913 foedere,

405 1931 539 1995 quod
572 1948 685 1978 cum
719 1948 778 1978 eo
811 1941 910 1978 tam
947 1929 1221 1978 solemniter
1262 1931 1392 1995 apud
1431 1934 1662 1978 Peronam
1705 1947 1818 1978 con-

406 2017 636 2066 traxerat,
670 2024 888 2072 expresse
929 2006 1027 2053 sore
1065 2007 1469 2072 comprehensum
1500 2007 1631 2072 quod
1658 2007 1819 2054 liceret

406 2083 516 2131 duci
556 2083 836 2147 Burgundiae
869 2083 1050 2144 foedus,
1085 2083 1219 2147 quod
1253 2101 1364 2131 cum
1391 2086 1496 2148 ipso
1526 2084 1747 2132 Edoardo
1770 2094 1818 2131 et

406 2177 555 2225 regno
595 2161 770 2224 Angliae
815 2169 1091 2225 pepegerat‚
1135 2159 1388 2208 observare
1428 2172 1475 2208 et
1516 2161 1812 2226 adimplere⁸.

461 2318 499 2353 1.
528 2317 694 2366 Jacques
717 2314 908 2363 d’Estuer,
934 2315 1114 2367 seigneur
1133 2314 1181 2353 de
1200 2314 1238 2353 la
1256 2315 1395 2354 Barde.

460 2377 500 2415 2.
530 2376 581 2413 Ce
607 2374 673 2412 fait
699 2387 722 2412 a
747 2375 806 2412 ete
831 2373 917 2422 deja
945 2375 1127 2426 rapporte
1153 2387 1224 2426 par
1249 2375 1415 2413 l'auteur
1441 2374 1536 2413 dans
1555 2374 1751 2414 l'Histoire
1771 2375 1818 2414 de

408 2434 562 2473 Charles
579 2435 669 2481 VII,
691 2433 718 2470 1.
739 2435 784 2480 V,
805 2446 839 2471 c.
862 2447 959 2470 xvn.
980 2436 1109 2484 Voyez
1125 2441 1153 2471 t.
1174 2436 1193 2471 I
1208 2462 1217 2480 ‚
1238 2447 1276 2485 p.
1303 2435 1394 2471 301.

463 2497 501 2533 3.
531 2497 586 2532 La
600 2493 728 2532 clause
743 2494 876 2531 n'etait
894 2507 962 2545 pas
977 2506 1064 2531 sans
1080 2493 1309 2531 restriction.
1330 2496 1384 2530 Le
1401 2492 1459 2530 roi
1478 2492 1534 2530 dit
1549 2492 1645 2532 dans
1661 2493 1697 2532 le
1710 2493 1822 2532 traite

409 2554 458 2592 de
481 2554 656 2592 Peronne
679 2567 687 2590 :
715 2572 730 2587 u
758 2556 888 2590 Avons
912 2553 1151 2593 consenti....
1179 2565 1254 2603 que
1279 2561 1409 2590 nostre
1431 2551 1487 2589 dit
1508 2552 1607 2591 frere
1631 2561 1668 2590 et
1690 2552 1824 2591 cousin

410 2612 536 2665 puisse
554 2620 636 2650 tant
649 2620 688 2649 et
702 2611 733 2649 si
748 2611 996 2663 longuement
1014 2611 1109 2662 qu'il
1125 2611 1179 2648 lui
1194 2610 1316 2662 plaira
1333 2610 1473 2662 garder
1490 2619 1528 2648 et
1543 2611 1782 2650 entretenir..
1792 2641 1820 2651 ..

410 2680 534 2710 toutes
550 2670 605 2709 les
623 2670 824 2718 assiances,
845 2679 883 2709 et
902 2670 1004 2708 aussi
1029 2671 1084 2708 les
1111 2670 1263 2708 traictez
1290 2669 1338 2708 de
1363 2670 1490 2708 treves
1512 2677 1550 2708 et
1573 2669 1822 2708 l'entrecours

412 2731 461 2770 de
484 2731 522 2769 la
546 2730 832 2781 marchandise,
858 2730 952 2780 qu'il
976 2743 998 2767 a
1023 2729 1109 2767 faits
1133 2737 1172 2768 et
1195 2742 1326 2781 passez
1349 2742 1443 2767 avec
1466 2729 1502 2767 le
1526 2742 1598 2780 roy
1619 2725 1821 2775 Edouard,

413 2799 543 2830 nostre
562 2804 726 2841 ennemy
742 2799 780 2829 et
799 2789 1088 2829 adversaire....
1105 2789 1201 2828 Mais
1214 2790 1330 2827 neant
1347 2789 1485 2839 moins,
1502 2796 1632 2827 nostre
1647 2787 1704 2827 dit
1721 2788 1822 2826 frere
