2054 3470
373 294 422 330 30
646 273 648 276 ⁴
736 291 1079 335 mSTomARUM
1105 289 1344 330 mnovxm
1369 288 1427 326 x1

370 379 467 444 pite
492 379 630 444 regiae
655 378 912 446 voluntatis
939 378 1282 439 ,conversione3
1309 375 1542 441 quodque
1565 384 1664 424 tam
1693 376 1790 426 ,cito

370 455 514 504 talem
543 474 633 522 pro
656 457 836 504 meritis
867 455 1024 503 eidem
1046 455 1180 515 duci,
1207 472 1353 520 quem
1376 463 1625 519 parentem
1650 469 1791 501 suum

369 543 567 599 perante
585 534 820 599 appellare
843 533 1011 580 solitus
1033 542 1150 591 erat,
1176 532 1354 580 referre
1377 531 1578 597 gratiam
1591 530 1791 584 inchoa·

370 621 457 659 ret.
480 612 699 659 Decursis
722 612 862 675 igitur
892 611 1056 676 paucis
1078 619 1189 675 post
1212 609 1385 658 diebus
1400 647 1412 670 ‚
1443 610 1545 675 ipse
1573 608 1672 656 dux
1693 609 1792 672 regi

369 688 669 749 valefaciens,
695 688 755 736 ad
774 687 968 753 propria
988 703 1037 734 se
1054 686 1259 734 reduxit.

435 766 556 811 Cum
574 780 688 811 vero
706 762 864 810 adhuc
881 773 1001 810 esset
1021 762 1122 827 ipse
1138 779 1219 809 rex
1236 761 1442 823 Parisiis,
1461 761 1605 808 etiam
1621 758 1790 808 eadem

369 842 553 889 iteravit
599 840 745 888 verba
788 857 894 904 quae
936 840 1068 905 apud
1113 843 1288 887 Remos
1335 850 1444 886 ante
1491 838 1786 886 enunciarat.

370 921 645 983 porrigente
674 920 804 967 enim
835 919 903 966 illi
941 919 1301 984 supplicationis
1334 917 1551 965 libellum
1588 932 1792 965 venera-

369 995 452 1043 bili
491 997 697 1044 antistite
730 995 1156 1044 Autissiodorensis
1188 995 1417 1043 ecclesiae¹
1458 1011 1547 1060 pro
1580 993 1791 1058 quadam

311 1075 315 1078 ’
368 1073 480 1121 villa
500 1073 707 1122 ecclesiae
731 1090 848 1135 suae,
877 1090 1005 1138 quae,
1031 1072 1202 1120 eadem
1221 1082 1380 1120 aestate
1397 1081 1444 1119 et
1466 1071 1637 1119 iisdem
1655 1087 1791 1137 paene

369 1149 563 1213 diebus,
595 1152 822 1200 incendio
852 1151 1048 1199 fortuito
1077 1151 1269 1216 penitus
1297 1149 1638 1214 conflagrarat,
1671 1164 1792 1213 qua-

368 1238 509 1276 tenus
549 1230 731 1278 miseris
773 1229 1028 1277 clementia
1067 1229 1198 1293 regia
1237 1227 1560 1292 compatiens,
1605 1243 1688 1273 eos
1729 1225 1792 1274 ad

368 1305 579 1370 aliquos’
615 1306 826 1354 relevare
858 1306 997 1354 vellet
1025 1322 1052 1353 a
1079 1306 1218 1354 talliis
1245 1303 1547 1371 publicisque
1577 1303 1788 1365 tributis,

368 1382 558 1448 publice
581 1393 629 1431 et
656 1384 814 1448 palam
839 1383 1065 1430 omnibus
1093 1399 1378 1448 responsum
1407 1383 1451 1429 ei
1479 1382 1590 1441 fuit,
1623 1398 1673 1428 se
1700 1399 1790 1446 pro

367 1460 447 1509 illa
465 1459 575 1508 villa
595 1460 714 1507 nihil
731 1459 1076 1526 particulariter
1095 1459 1343 1524 indulgere
1363 1458 1507 1520 velle3
1534 1457 1617 1506 sed
1640 1458 1792 1506 inten-

368 1538 509 1586 tionis
527 1555 583 1585 ac
598 1537 859 1586 voluntatis
878 1555 973 1586 suae
990 1554 1092 1586 esse
1108 1538 1390 1601 generaliter
1411 1547 1568 1585 totum
1590 1552 1791 1601 regnum

367 1614 644 1679 hujusmodi
672 1615 883 1663 relevare
911 1615 1163 1675 oneribus,
1196 1625 1243 1663 et
1273 1612 1652 1681 supplicantibus
1680 1614 1792 1662 satis

367 1709 453 1757 per
471 1692 566 1741 hoc
587 1693 860 1740 consultum
884 1694 959 1754 iri,
985 1703 1032 1741 et
1058 1693 1280 1741 desiderii
1305 1694 1379 1741 sui
1397 1692 1520 1740 bene
1543 1701 1792 1757 compotes

369 1770 487 1818 fieri.
525 1771 669 1829 Quod
700 1771 822 1835 regis
848 1771 1048 1818 verbum
1074 1788 1186 1818 cum
1214 1787 1352 1818 aures
1386 1769 1606 1817 omnium
1633 1768 1790 1821 statim

368 1848 678 1913 implevisset,
726 1848 821 1896 dici
865 1848 999 1895 facile
1033 1865 1134 1895 non
1169 1857 1330 1912 posset
1369 1855 1551 1911 quanta
1585 1844 1791 1910 proinde

367 1925 508 1973 bonae
545 1926 645 1990 spei
679 1935 726 1974 et
762 1925 1104 1973 consolationis
1135 1924 1332 1973 materia
1366 1921 1585 1987 plurimis
1618 1937 1789 1987 prove-

369 2013 509 2055 nent.

855 2151 1197 2198 CAP1TULUM
1229 2151 1308 2196 IX.

369 2275 423 2309 De
442 2272 697 2320 supplicatione
711 2271 802 2306 facta
821 2283 889 2318 pro
911 2270 1094 2318 provincia
1115 2268 1345 2306 Normanniae
1363 2277 1397 2303 et
1422 2267 1512 2315 regis
1539 2267 1791 2315 responsioneg

417 2328 518 2374 cujus
537 2326 720 2362 occasione
744 2324 830 2360 dolo
854 2324 1108 2361 advocatorum
1131 2325 1275 2360 fuerunt
1294 2322 1530 2371 provinciales
1550 2323 1700 2371 turpiter
1716 2321 1789 2356 cir-

417 2382 592 2418 cumventi
598 2410 606 2419 .

435 2482 526 2528 Cui
557 2481 704 2528 innixi
742 2479 809 2527 illi
840 2480 1084 2545 potissime
1117 2479 1178 2526 de
1217 2479 1539 2539 Normannia,
1570 2477 1653 2541 qui
1684 2486 1789 2524 tum

375 2558 561 2607 Parisiis
584 2567 720 2605 erant
749 2563 758 2609 (
776 2556 912 2604 multi
936 2556 1115 2621 quippe
1140 2555 1200 2602 de
1224 2556 1426 2621 praelatis
1449 2565 1592 2618 atque
1616 2552 1790 2601 nobili-

425 2727 443 2763 1
455 2754 463 2763 .
494 2724 625 2763 Pierre
641 2723 689 2761 de
706 2722 906 2775 Longueil.

426 2787 464 2823 2.
499 2785 696 2822 Peut-etre
718 2796 778 2819 eos
795 2790 864 2820 aut
880 2794 1004 2818 eorum
1027 2781 1186 2831 aliquos.
