2054 3470
694 300 840 338 LIBER
877 298 1145 336 SECUNDUS.
1547 297 1563 332 1
1574 297 1592 333 1
1601 297 1619 333 ί

214 393 357 441 rebus
387 392 566 456 absque
595 390 779 436 ratione
810 404 976 451 agere3
1021 386 1241 434 mulieres
1269 385 1455 432 nobiles
1484 396 1625 448 atque

216 470 446 536 ignobiles
462 505 475 528 ,
516 477 684 514 contra
721 481 856 512 suam
901 474 948 511 et
995 473 1247 528 parentum
1291 463 1589 510 voluntatem
1610 501 1622 523 ,

217 547 595 612 quibuscumque
611 543 739 603 velit,
765 551 933 589 contra
953 558 1097 587 omne
1117 541 1192 603 jus
1210 550 1257 587 et
1278 540 1345 587 sas
1364 541 1425 587 ad
1446 541 1629 587 nuben-

218 625 339 672 dum
380 620 664 686 compellere
691 656 704 677 ,
753 629 799 665 et
843 617 1119 680 generaliter
1159 634 1326 664 omnes
1377 617 1593 664 subditos
1613 655 1624 676 ‚

218 701 440 764 adempta
467 699 534 745 eis
559 713 756 762 prorsus
786 695 920 743 omni
943 694 1157 742 libertate
1175 732 1187 753 ‚
1221 696 1269 741 in
1296 695 1534 742 miseriam
1558 711 1629 742 re-

219 778 378 842 digere
397 785 445 824 et
471 775 767 835 servitutem3
797 773 915 820 nulli
936 789 1038 819 rem
1059 772 1267 836 aliquam
1282 807 1294 829 ,
1321 772 1451 818 velut
1472 789 1624 826 suam,

218 853 426 902 labendi
446 868 502 899 ac
522 850 828 916 possidendi,
870 850 960 896 nisi
990 859 1224 914 quatenus
1243 849 1287 896 ei
1310 849 1520 905 libuerit,
1558 867 1629 897 re·

218 931 327 978 licta
359 929 578 986 licentia,
614 939 686 987 et,
723 938 774 974 ut
810 928 972 991 paucis
1008 926 1156 973 multa
1189 926 1593 991 comprehendam
1613 964 1626 987 ‚

218 1007 341 1055 velle
359 1022 552 1054 omnem
572 1005 774 1069 gradum
790 1041 801 1063 ,
831 1014 1008 1052 statum
1031 1015 1173 1068 atque
1191 1004 1411 1051 ordinem
1429 1042 1440 1062 ,
1466 1021 1629 1052 sexum

219 1094 265 1132 et
287 1091 474 1132 aetatem
501 1084 644 1130 totius
670 1082 879 1146 regionis
901 1083 1123 1129 omnium
1143 1083 1457 1142 miseriarum,
1486 1085 1630 1130 servi·

220 1170 375 1208 tutum
388 1170 435 1208 et
446 1160 683 1208 bellorum
698 1159 1044 1207 calamitatibus
1058 1160 1298 1225 complere
1314 1170 1361 1206 et
1375 1160 1627 1221 conficere,

221 1240 362 1302 atque
387 1253 554 1284 omnes
570 1272 583 1293 ,
616 1237 791 1301 passim
817 1246 864 1283 et
896 1237 997 1283 sine
1020 1236 1203 1284 delectu
1221 1275 1233 1297 ‚
1260 1254 1348 1302 pro
1375 1237 1478 1284 solo
1512 1248 1631 1285 nutu

221 1315 296 1363 vel
308 1315 624 1364 nefandorum
635 1314 883 1361 satellitum
902 1331 987 1362 seu
1000 1316 1282 1380 stipatorum
1295 1332 1491 1363 suorum
1509 1316 1634 1363 desi-

223 1393 360 1440 derio
375 1403 423 1440 et
440 1393 730 1458 impiissimis
744 1387 1089 1452 voluntatibus,
1114 1393 1402 1457 opprimere,
1419 1386 1634 1441 cruciati-

224 1470 314 1518 bus
325 1481 372 1517 et
384 1470 645 1535 suppliciis,
677 1470 811 1516 omni
827 1471 946 1533 juris
963 1470 1131 1517 ordine
1149 1471 1463 1534 praetermisso
1491 1481 1633 1535 atque

226 1546 459 1611 neglecto,
488 1546 675 1593 afficere
699 1563 708 1590 :
741 1562 843 1606 cur,
867 1546 1082 1608 inquam,
1110 1563 1208 1592 non
1237 1556 1496 1610 potuerunt
1520 1565 1633 1612 pro-

226 1640 358 1671 ceres
377 1633 426 1671 et
446 1623 650 1686 majores
671 1623 804 1685 regni
829 1623 877 1668 in
905 1631 1037 1669 tanta
1067 1622 1338 1687 reipublicae
1371 1626 1635 1673 vastatione

227 1710 275 1748 et
294 1700 617 1758 desolatione,
657 1715 746 1763 pro
769 1700 1015 1746 communi
1041 1700 1189 1747 salute
1205 1736 1216 1758 ,
1254 1710 1300 1747 et
1328 1700 1389 1747 ad
1420 1701 1636 1750 dandum

226 1777 370 1824 tantis
390 1777 525 1824 malis
547 1786 595 1822 et
616 1775 719 1823 aliis
736 1811 748 1834 ,
783 1792 889 1839 quae
918 1777 996 1822 vix
1027 1776 1123 1824 ulla
1149 1777 1420 1824 elocutione
1455 1780 1636 1826 narrari

227 1864 438 1919 possent,
458 1853 683 1913 remedia,
700 1870 749 1900 se
766 1853 987 1916 colligere
1009 1854 1058 1899 in
1082 1870 1232 1900 unum
1258 1863 1303 1900 et
1324 1871 1632 1919 congregare,

228 1942 275 1979 et
296 1933 552 1997 pessimum
575 1940 813 1995 regentem
837 1930 1125 1994 compellere
1147 1941 1194 1978 et
1222 1931 1480 1979 admonere
1498 1969 1510 1986 ‚
1551 1943 1601 1980 ut
1620 1970 1632 1993 ,

229 2024 259 2056 a
275 2011 418 2056 tantis
440 2009 670 2056 desistens
689 2007 842 2062 malis,
869 2007 1034 2054 debito
1050 2008 1220 2055 ordine
1233 2009 1439 2071 justitiae,
1468 2027 1637 2058 secun-

152 2083 154 2085 *
231 2085 347 2133 dum
377 2086 562 2133 divinas
584 2095 631 2133 et
652 2085 884 2132 humanas
906 2085 1032 2148 leges
1065 2095 1208 2149 atque
1232 2086 1494 2135 laudabiles
1518 2106 1636 2136 con-

232 2163 530 2220 suetudines,
564 2162 909 2227 rempublicam
934 2163 1209 2210 moderetur
1235 2174 1281 2211 et
1302 2175 1434 2228 regat
1449 2203 1461 2225 ,
1498 2176 1638 2214 utens

233 2239 430 2287 oonsilio
451 2240 664 2287 virorum
684 2239 951 2303 potentium
973 2248 1019 2286 et
1038 2240 1322 2304 sapientium
1337 2278 1349 2301 ⁷
1380 2242 1554 2305 quibus
1579 2244 1639 2290 sit

235 2316 322 2364 Dei
350 2316 491 2363 timor
506 2353 519 2377 ,
558 2332 695 2364 amor
712 2315 902 2378 justitiae
926 2325 973 2362 et
994 2317 1202 2364 veritatis
1218 2352 1230 2374 ,
1268 2327 1316 2364 et
1344 2319 1428 2381 qui
1452 2320 1640 2367 oderint

237 2392 503 2452 avaritiam,
527 2391 936 2457 quemadmodum
958 2383 1111 2440 M'oses
1129 2393 1206 2440 ille
1225 2393 1321 2440 dux
1341 2404 1387 2442 et
1403 2395 1640 2459 legislator

241 2469 472 2516 Israelitici
486 2469 670 2535 populi,
687 2485 716 2516 a
735 2485 902 2516 socero
920 2486 1025 2528 suo,
1052 2470 1225 2517 scilicet
1246 2470 1388 2535 longe
1407 2473 1640 2521 inferioris

241 2541 496 2605 dignitatis,
534 2546 784 2592 consilium
815 2544 1065 2592 salubriter
1096 2547 1309 2611 accepit?
1340 2551 1490 2613 Atque
1525 2550 1635 2608 ubi,

241 2635 433 2667 omnem
465 2623 791 2670 rationabilem
820 2633 866 2671 et
899 2624 1062 2671 utilem
1094 2625 1469 2674 admonitionem
1508 2645 1640 2691 sper-

242 2705 433 2743 nentem
466 2708 512 2745 et
540 2709 922 2747 contemnentem
951 2738 963 2761 ,
1007 2701 1212 2759 viderint
1242 2719 1292 2749 se
1327 2703 1447 2750 velle
1481 2707 1639 2768 potius

243 2771 377 2819 malis
399 2773 634 2837 prioribus
661 2777 823 2838 pejora
850 2777 1027 2823 addere
1045 2814 1056 2830 ‚
1093 2786 1140 2823 et
1161 2778 1339 2824 utiliter
1357 2796 1466 2826 eum
1497 2789 1638 2842 atque
