<?xml version="1.0" encoding="UTF-8"?>
<!DOCTYPE html PUBLIC "-//W3C//DTD XHTML 1.0 Transitional//EN"
    "http://www.w3.org/TR/xhtml1/DTD/xhtml1-transitional.dtd">
<html xmlns="http://www.w3.org/1999/xhtml" xml:lang="en" lang="en">
 <head>
  <title>
</title>
<meta http-equiv="Content-Type" content="text/html;charset=utf-8" />
  <meta name='ocr-system' content='tesseract 3.04.00' />
  <meta name='ocr-capabilities' content='ocr_page ocr_carea ocr_par ocr_line ocrx_word'/>
</head>
<body>
  <div class='ocr_page' id='page_1' title='image "./histoiredesrgn02basiuoft_0425.png"; bbox 0 0 2054 3470; ppageno 0'>
   <div class='ocr_carea' id='block_1_1' title="bbox 731 365 1640 412">
    <p class='ocr_par' dir='ltr' id='par_1_1' title="bbox 731 365 1640 412">
     <span class='ocr_line' id='line_1_1' title="bbox 731 365 1640 412; baseline 0.001 -10"><span class='ocrx_word' id='word_1_1' title='bbox 731 366 877 402; x_wconf 73' lang='lat' dir='ltr'><strong>mmm</strong></span> <span class='ocrx_word' id='word_1_2' title='bbox 908 365 1150 412; x_wconf 82' lang='lat' dir='ltr'><strong>QUARTUS.</strong></span> <span class='ocrx_word' id='word_1_3' title='bbox 1514 387 1521 395; x_wconf 94' lang='lat'>-</span> <span class='ocrx_word' id='word_1_4' title='bbox 1570 368 1640 403; x_wconf 74' lang='lat'><strong>34¹</strong></span> 
     </span>
    </p>
   </div>
   <div class='ocr_carea' id='block_1_2' title="bbox 241 453 1647 580">
    <p class='ocr_par' dir='ltr' id='par_1_2' title="bbox 241 453 1647 580">
     <span class='ocr_line' id='line_1_2' title="bbox 242 453 1647 520; baseline -0.001 -18"><span class='ocrx_word' id='word_1_5' title='bbox 242 455 376 520; x_wconf 90' lang='lat' dir='ltr'><strong>equis</strong></span> <span class='ocrx_word' id='word_1_6' title='bbox 391 464 437 502; x_wconf 87' lang='lat' dir='ltr'><strong>et</strong></span> <span class='ocrx_word' id='word_1_7' title='bbox 453 454 611 515; x_wconf 83' lang='lat' dir='ltr'><strong>armis,</strong></span> <span class='ocrx_word' id='word_1_8' title='bbox 634 469 766 500; x_wconf 91' lang='lat' dir='ltr'><strong>more</strong></span> <span class='ocrx_word' id='word_1_9' title='bbox 778 453 1060 513; x_wconf 89' lang='lat' dir='ltr'><strong>Germaniae,</strong></span> <span class='ocrx_word' id='word_1_10' title='bbox 1085 463 1413 519; x_wconf 85' lang='lat' dir='ltr'>competenter</span> <span class='ocrx_word' id='word_1_11' title='bbox 1430 453 1647 500; x_wconf 78' lang='lat' dir='ltr'>instructi</span> 
     </span>
     <span class='ocr_line' id='line_1_3' title="bbox 241 541 390 580; baseline -0.013 -1"><span class='ocrx_word' id='word_1_12' title='bbox 241 541 390 580; x_wconf 88' lang='lat' dir='ltr'><strong>erant.</strong></span> 
     </span>
    </p>
   </div>
   <div class='ocr_carea' id='block_1_3' title="bbox 694 649 1190 733">
    <p class='ocr_par' dir='ltr' id='par_1_3' title="bbox 694 649 1190 733">
     <span class='ocr_line' id='line_1_4' title="bbox 694 649 1190 733; baseline -0.004 -1"><span class='ocrx_word' id='word_1_13' title='bbox 694 686 1033 733; x_wconf 78' lang='lat' dir='ltr'><strong>CAPrruLUM</strong></span> <span class='ocrx_word' id='word_1_14' title='bbox 1067 649 1190 730; x_wconf 75' lang='lat' dir='ltr'><strong>xiii.</strong></span> 
     </span>
    </p>
   </div>
   <div class='ocr_carea' id='block_1_4' title="bbox 239 812 1655 1014">
    <p class='ocr_par' dir='ltr' id='par_1_4' title="bbox 239 812 1655 1014">
     <span class='ocr_line' id='line_1_5' title="bbox 239 812 1654 862; baseline -0.003 -10"><span class='ocrx_word' id='word_1_15' title='bbox 239 816 397 862; x_wconf 71' lang='lat' dir='ltr'><strong>Qualiter</strong></span> <span class='ocrx_word' id='word_1_16' title='bbox 407 828 468 851; x_wconf 84' lang='lat' dir='ltr'><strong>rex</strong></span> <span class='ocrx_word' id='word_1_17' title='bbox 479 817 698 851; x_wconf 82' lang='lat' dir='ltr'><strong>Francorum</strong></span> <span class='ocrx_word' id='word_1_18' title='bbox 714 815 935 862; x_wconf 83' lang='lat' dir='ltr'><strong>recuperavit</strong></span> <span class='ocrx_word' id='word_1_19' title='bbox 950 813 1224 862; x_wconf 84' lang='lat' dir='ltr'><strong>Perpinianum;</strong></span> <span class='ocrx_word' id='word_1_20' title='bbox 1239 821 1274 847; x_wconf 83' lang='lat' dir='ltr'><strong>et</strong></span> <span class='ocrx_word' id='word_1_21' title='bbox 1287 812 1332 847; x_wconf 85' lang='lat' dir='ltr'><strong>de</strong></span> <span class='ocrx_word' id='word_1_22' title='bbox 1347 813 1542 847; x_wconf 76' lang='lat' dir='ltr'>innumeris</span> <span class='ocrx_word' id='word_1_23' title='bbox 1555 825 1654 860; x_wconf 65' lang='lat' dir='ltr'><strong>pane</strong></span> 
     </span>
     <span class='ocr_line' id='line_1_6' title="bbox 282 865 1655 917; baseline -0.001 -13"><span class='ocrx_word' id='word_1_24' title='bbox 282 869 425 917; x_wconf 75' lang='lat' dir='ltr'><strong>Jacturis</strong></span> <span class='ocrx_word' id='word_1_25' title='bbox 437 878 472 904; x_wconf 84' lang='lat' dir='ltr'><strong>et</strong></span> <span class='ocrx_word' id='word_1_26' title='bbox 486 868 635 914; x_wconf 80' lang='lat' dir='ltr'><strong>damnis,</strong></span> <span class='ocrx_word' id='word_1_27' title='bbox 657 881 735 915; x_wconf 82' lang='lat' dir='ltr'><strong>quae</strong></span> <span class='ocrx_word' id='word_1_28' title='bbox 750 867 965 915; x_wconf 81' lang='lat' dir='ltr'><strong>Burgundiae</strong></span> <span class='ocrx_word' id='word_1_29' title='bbox 982 867 1083 902; x_wconf 78' lang='lat' dir='ltr'><strong>ducis</strong></span> <span class='ocrx_word' id='word_1_30' title='bbox 1099 875 1198 902; x_wconf 82' lang='lat' dir='ltr'><strong>terrae</strong></span> <span class='ocrx_word' id='word_1_31' title='bbox 1216 875 1250 902; x_wconf 87' lang='lat' dir='ltr'><strong>et</strong></span> <span class='ocrx_word' id='word_1_32' title='bbox 1266 865 1398 901; x_wconf 78' lang='lat' dir='ltr'><strong>subditi</strong></span> <span class='ocrx_word' id='word_1_33' title='bbox 1413 866 1468 901; x_wconf 80' lang='lat' dir='ltr'><strong>sni</strong></span> <span class='ocrx_word' id='word_1_34' title='bbox 1481 879 1500 902; x_wconf 88' lang='lat' dir='ltr'><strong>a</strong></span> <span class='ocrx_word' id='word_1_35' title='bbox 1512 867 1655 903; x_wconf 71' lang='lat' dir='ltr'><strong>Francia</strong></span> 
     </span>
     <span class='ocr_line' id='line_1_7' title="bbox 287 919 1655 970; baseline 0 -13"><span class='ocrx_word' id='word_1_36' title='bbox 287 922 378 970; x_wconf 75' lang='lat' dir='ltr'><strong>passi</strong></span> <span class='ocrx_word' id='word_1_37' title='bbox 394 931 474 958; x_wconf 82' lang='lat' dir='ltr'><strong>sunt</strong></span> <span class='ocrx_word' id='word_1_38' title='bbox 483 949 494 967; x_wconf 92' lang='lat'><strong>,</strong></span> <span class='ocrx_word' id='word_1_39' title='bbox 514 922 622 957; x_wconf 82' lang='lat' dir='ltr'><strong>finitis</strong></span> <span class='ocrx_word' id='word_1_40' title='bbox 638 922 769 969; x_wconf 79' lang='lat' dir='ltr'>treugis</span> <span class='ocrx_word' id='word_1_41' title='bbox 782 951 791 968; x_wconf 91' lang='lat'><strong>,</strong></span> <span class='ocrx_word' id='word_1_42' title='bbox 812 920 899 957; x_wconf 89' lang='lat' dir='ltr'><strong>dum</strong></span> <span class='ocrx_word' id='word_1_43' title='bbox 915 921 1036 957; x_wconf 83' lang='lat' dir='ltr'><strong>adhuc</strong></span> <span class='ocrx_word' id='word_1_44' title='bbox 1051 930 1131 957; x_wconf 81' lang='lat' dir='ltr'><strong>ante</strong></span> <span class='ocrx_word' id='word_1_45' title='bbox 1146 920 1309 957; x_wconf 77' lang='lat' dir='ltr'><strong>Nussiam</strong></span> <span class='ocrx_word' id='word_1_46' title='bbox 1324 920 1361 954; x_wconf 91' lang='lat' dir='ltr'><strong>in</strong></span> <span class='ocrx_word' id='word_1_47' title='bbox 1378 919 1564 956; x_wconf 84' lang='lat' dir='ltr'>obsidione</span> <span class='ocrx_word' id='word_1_48' title='bbox 1582 933 1655 957; x_wconf 76' lang='lat' dir='ltr'><strong>ma-</strong></span> 
     </span>
     <span class='ocr_line' id='line_1_8' title="bbox 286 979 419 1014; baseline 0.008 -1"><span class='ocrx_word' id='word_1_49' title='bbox 286 986 384 1014; x_wconf 84' lang='lat' dir='ltr'><strong>neret</strong></span> <span class='ocrx_word' id='word_1_50' title='bbox 393 979 419 1014; x_wconf 76' lang='lat'><strong>⁹.</strong></span> 
     </span>
    </p>
   </div>
   <div class='ocr_carea' id='block_1_5' title="bbox 238 1089 1658 2697">
    <p class='ocr_par' dir='ltr' id='par_1_5' title="bbox 238 1089 1658 2697">
     <span class='ocr_line' id='line_1_9' title="bbox 303 1089 1654 1156; baseline 0 -18"><span class='ocrx_word' id='word_1_51' title='bbox 303 1089 509 1138; x_wconf 88' lang='lat' dir='ltr'><strong>Collecta</strong></span> <span class='ocrx_word' id='word_1_52' title='bbox 542 1092 683 1156; x_wconf 88' lang='lat' dir='ltr'><strong>igitur</strong></span> <span class='ocrx_word' id='word_1_53' title='bbox 724 1102 818 1139; x_wconf 86' lang='lat' dir='ltr'><strong>tam</strong></span> <span class='ocrx_word' id='word_1_54' title='bbox 849 1107 1104 1138; x_wconf 90' lang='lat' dir='ltr'><strong>numerosa</strong></span> <span class='ocrx_word' id='word_1_55' title='bbox 1139 1089 1462 1150; x_wconf 83' lang='lat' dir='ltr'><strong>multitudine,</strong></span> <span class='ocrx_word' id='word_1_56' title='bbox 1499 1092 1654 1155; x_wconf 83' lang='lat' dir='ltr'><strong>putari</strong></span> 
     </span>
     <span class='ocr_line' id='line_1_10' title="bbox 239 1167 1655 1238; baseline -0.001 -22"><span class='ocrx_word' id='word_1_57' title='bbox 239 1169 465 1234; x_wconf 90' lang='lat' dir='ltr'><strong>potuisset</strong></span> <span class='ocrx_word' id='word_1_58' title='bbox 502 1169 899 1232; x_wconf 84' lang='lat' dir='ltr'><strong>Burgundionum</strong></span> <span class='ocrx_word' id='word_1_59' title='bbox 935 1168 1132 1228; x_wconf 91' lang='lat' dir='ltr'><strong>ducem,</strong></span> <span class='ocrx_word' id='word_1_60' title='bbox 1173 1167 1256 1232; x_wconf 90' lang='lat' dir='ltr'><strong>qui</strong></span> <span class='ocrx_word' id='word_1_61' title='bbox 1279 1168 1421 1231; x_wconf 84' lang='lat' dir='ltr'><strong>longe</strong></span> <span class='ocrx_word' id='word_1_62' title='bbox 1445 1169 1655 1238; x_wconf 82' lang='lat' dir='ltr'><strong>minores</strong></span> 
     </span>
     <span class='ocr_line' id='line_1_11' title="bbox 239 1243 1654 1309; baseline 0 -18"><span class='ocrx_word' id='word_1_63' title='bbox 239 1260 399 1292; x_wconf 90' lang='lat' dir='ltr'><strong>secum</strong></span> <span class='ocrx_word' id='word_1_64' title='bbox 421 1246 582 1309; x_wconf 88' lang='lat' dir='ltr'><strong>copias</strong></span> <span class='ocrx_word' id='word_1_65' title='bbox 604 1243 828 1303; x_wconf 90' lang='lat' dir='ltr'><strong>habebat,</strong></span> <span class='ocrx_word' id='word_1_66' title='bbox 857 1244 917 1291; x_wconf 91' lang='lat' dir='ltr'><strong>de</strong></span> <span class='ocrx_word' id='word_1_67' title='bbox 944 1244 1052 1308; x_wconf 87' lang='lat' dir='ltr'><strong>fuga</strong></span> <span class='ocrx_word' id='word_1_68' title='bbox 1076 1244 1237 1309; x_wconf 81' lang='lat' dir='ltr'><strong>potius</strong></span> <span class='ocrx_word' id='word_1_69' title='bbox 1259 1245 1482 1308; x_wconf 76' lang='lat' dir='ltr'><strong>cogitare,</strong></span> <span class='ocrx_word' id='word_1_70' title='bbox 1509 1261 1654 1309; x_wconf 82' lang='lat' dir='ltr'><strong>quam</strong></span> 
     </span>
     <span class='ocr_line' id='line_1_12' title="bbox 240 1320 1650 1386; baseline 0.001 -18"><span class='ocrx_word' id='word_1_71' title='bbox 240 1320 300 1368; x_wconf 94' lang='lat' dir='ltr'><strong>de</strong></span> <span class='ocrx_word' id='word_1_72' title='bbox 316 1322 634 1386; x_wconf 78' lang='lat' dir='ltr'><strong>exspectando</strong></span> <span class='ocrx_word' id='word_1_73' title='bbox 654 1322 795 1370; x_wconf 90' lang='lat' dir='ltr'><strong>talem</strong></span> <span class='ocrx_word' id='word_1_74' title='bbox 814 1333 1098 1386; x_wconf 86' lang='lat' dir='ltr'><strong>tantumque</strong></span> <span class='ocrx_word' id='word_1_75' title='bbox 1123 1323 1383 1369; x_wconf 85' lang='lat' dir='ltr'><strong>exercitum</strong></span> <span class='ocrx_word' id='word_1_76' title='bbox 1407 1321 1650 1382; x_wconf 78' lang='lat' dir='ltr'><strong>debuisse3</strong></span> 
     </span>
     <span class='ocr_line' id='line_1_13' title="bbox 240 1393 1655 1464; baseline 0 -17"><span class='ocrx_word' id='word_1_77' title='bbox 240 1399 496 1464; x_wconf 86' lang='lat' dir='ltr'><strong>praesertim</strong></span> <span class='ocrx_word' id='word_1_78' title='bbox 530 1416 642 1446; x_wconf 89' lang='lat' dir='ltr'><strong>cum</strong></span> <span class='ocrx_word' id='word_1_79' title='bbox 659 1401 758 1463; x_wconf 85' lang='lat' dir='ltr'><strong>jam</strong></span> <span class='ocrx_word' id='word_1_80' title='bbox 793 1417 944 1464; x_wconf 84' lang='lat' dir='ltr'><strong>prope</strong></span> <span class='ocrx_word' id='word_1_81' title='bbox 967 1416 1153 1446; x_wconf 91' lang='lat' dir='ltr'><strong>menses</strong></span> <span class='ocrx_word' id='word_1_82' title='bbox 1186 1409 1297 1446; x_wconf 91' lang='lat' dir='ltr'><strong>octo</strong></span> <span class='ocrx_word' id='word_1_83' title='bbox 1327 1399 1376 1445; x_wconf 90' lang='lat' dir='ltr'><strong>in</strong></span> <span class='ocrx_word' id='word_1_84' title='bbox 1400 1393 1655 1447; x_wconf 81' lang='lat' dir='ltr'><strong>obsidione</strong></span> 
     </span>
     <span class='ocr_line' id='line_1_14' title="bbox 240 1474 1654 1540; baseline 0 -18"><span class='ocrx_word' id='word_1_85' title='bbox 240 1485 350 1523; x_wconf 92' lang='lat' dir='ltr'><strong>ante</strong></span> <span class='ocrx_word' id='word_1_86' title='bbox 374 1476 605 1536; x_wconf 87' lang='lat' dir='ltr'><strong>Nussiam,</strong></span> <span class='ocrx_word' id='word_1_87' title='bbox 626 1486 872 1540; x_wconf 89' lang='lat' dir='ltr'><strong>totamque</strong></span> <span class='ocrx_word' id='word_1_88' title='bbox 895 1476 1123 1535; x_wconf 87' lang='lat' dir='ltr'>hiemem,</span> <span class='ocrx_word' id='word_1_89' title='bbox 1145 1491 1249 1539; x_wconf 84' lang='lat' dir='ltr'><strong>quoe</strong></span> <span class='ocrx_word' id='word_1_90' title='bbox 1269 1474 1522 1534; x_wconf 86' lang='lat' dir='ltr'><strong>imbribus,</strong></span> <span class='ocrx_word' id='word_1_91' title='bbox 1547 1475 1654 1539; x_wconf 88' lang='lat' dir='ltr'><strong>gelu</strong></span> 
     </span>
     <span class='ocr_line' id='line_1_15' title="bbox 241 1552 1657 1618; baseline 0 -18"><span class='ocrx_word' id='word_1_92' title='bbox 241 1562 382 1616; x_wconf 90' lang='lat' dir='ltr'><strong>atque</strong></span> <span class='ocrx_word' id='word_1_93' title='bbox 404 1552 589 1599; x_wconf 87' lang='lat' dir='ltr'><strong>nivibus</strong></span> <span class='ocrx_word' id='word_1_94' title='bbox 608 1554 718 1600; x_wconf 89' lang='lat' dir='ltr'><strong>satis</strong></span> <span class='ocrx_word' id='word_1_95' title='bbox 739 1569 903 1618; x_wconf 88' lang='lat' dir='ltr'><strong>aspera</strong></span> <span class='ocrx_word' id='word_1_96' title='bbox 927 1563 972 1599; x_wconf 92' lang='lat' dir='ltr'><strong>et</strong></span> <span class='ocrx_word' id='word_1_97' title='bbox 995 1554 1272 1618; x_wconf 81' lang='lat' dir='ltr'><strong>importuna</strong></span> <span class='ocrx_word' id='word_1_98' title='bbox 1291 1552 1394 1611; x_wconf 86' lang='lat' dir='ltr'><strong>fuit,</strong></span> <span class='ocrx_word' id='word_1_99' title='bbox 1420 1562 1657 1616; x_wconf 89' lang='lat' dir='ltr'><strong>pertrans-</strong></span> 
     </span>
     <span class='ocr_line' id='line_1_16' title="bbox 241 1628 1652 1691; baseline 0.001 -15"><span class='ocrx_word' id='word_1_100' title='bbox 241 1629 383 1676; x_wconf 86' lang='lat' dir='ltr'>iisset.</span> <span class='ocrx_word' id='word_1_101' title='bbox 435 1629 527 1676; x_wconf 88' lang='lat' dir='ltr'><strong>Sed</strong></span> <span class='ocrx_word' id='word_1_102' title='bbox 572 1629 724 1676; x_wconf 90' lang='lat' dir='ltr'><strong>nihilo</strong></span> <span class='ocrx_word' id='word_1_103' title='bbox 746 1664 758 1684; x_wconf 94' lang='lat'><strong>,</strong></span> <span class='ocrx_word' id='word_1_104' title='bbox 805 1639 858 1676; x_wconf 85' lang='lat' dir='ltr'><strong>ut</strong></span> <span class='ocrx_word' id='word_1_105' title='bbox 894 1628 1176 1690; x_wconf 86' lang='lat' dir='ltr'><strong>videbatur,</strong></span> <span class='ocrx_word' id='word_1_106' title='bbox 1223 1629 1335 1677; x_wconf 92' lang='lat' dir='ltr'><strong>inde</strong></span> <span class='ocrx_word' id='word_1_107' title='bbox 1371 1629 1652 1691; x_wconf 89' lang='lat' dir='ltr'><strong>deterritus,</strong></span> 
     </span>
     <span class='ocr_line' id='line_1_17' title="bbox 239 1706 1654 1770; baseline 0.002 -18"><span class='ocrx_word' id='word_1_108' title='bbox 239 1707 457 1770; x_wconf 87' lang='lat' dir='ltr'><strong>quamvis</strong></span> <span class='ocrx_word' id='word_1_109' title='bbox 513 1716 609 1754; x_wconf 85' lang='lat' dir='ltr'><strong>tam</strong></span> <span class='ocrx_word' id='word_1_110' title='bbox 661 1723 718 1753; x_wconf 85' lang='lat' dir='ltr'>ex</span> <span class='ocrx_word' id='word_1_111' title='bbox 761 1707 931 1753; x_wconf 87' lang='lat' dir='ltr'><strong>ictibus</strong></span> <span class='ocrx_word' id='word_1_112' title='bbox 973 1707 1304 1754; x_wconf 88' lang='lat' dir='ltr'><strong>machinarum</strong></span> <span class='ocrx_word' id='word_1_113' title='bbox 1351 1706 1654 1755; x_wconf 87' lang='lat' dir='ltr'><strong>obsessorum</strong></span> 
     </span>
     <span class='ocr_line' id='line_1_18' title="bbox 240 1782 1655 1847; baseline 0.002 -18"><span class='ocrx_word' id='word_1_114' title='bbox 240 1799 386 1847; x_wconf 88' lang='lat' dir='ltr'><strong>quam</strong></span> <span class='ocrx_word' id='word_1_115' title='bbox 411 1784 548 1830; x_wconf 87' lang='lat' dir='ltr'><strong>variis</strong></span> <span class='ocrx_word' id='word_1_116' title='bbox 570 1800 627 1830; x_wconf 85' lang='lat' dir='ltr'>ex</span> <span class='ocrx_word' id='word_1_117' title='bbox 651 1782 832 1830; x_wconf 89' lang='lat' dir='ltr'><strong>morbis</strong></span> <span class='ocrx_word' id='word_1_118' title='bbox 854 1784 1110 1830; x_wconf 81' lang='lat' dir='ltr'><strong>contractis</strong></span> <span class='ocrx_word' id='word_1_119' title='bbox 1135 1783 1199 1830; x_wconf 92' lang='lat' dir='ltr'><strong>ob</strong></span> <span class='ocrx_word' id='word_1_120' title='bbox 1228 1785 1422 1846; x_wconf 88' lang='lat' dir='ltr'><strong>longam</strong></span> <span class='ocrx_word' id='word_1_121' title='bbox 1454 1784 1544 1832; x_wconf 91' lang='lat' dir='ltr'><strong>sub</strong></span> <span class='ocrx_word' id='word_1_122' title='bbox 1574 1785 1655 1832; x_wconf 88' lang='lat' dir='ltr'><strong>dio</strong></span> 
     </span>
     <span class='ocr_line' id='line_1_19' title="bbox 238 1860 1658 1926; baseline 0.001 -19"><span class='ocrx_word' id='word_1_123' title='bbox 238 1861 610 1907; x_wconf 80' lang='lat' dir='ltr'><strong>remorationem</strong></span> <span class='ocrx_word' id='word_1_124' title='bbox 631 1871 773 1925; x_wconf 88' lang='lat' dir='ltr'><strong>atque</strong></span> <span class='ocrx_word' id='word_1_125' title='bbox 799 1860 1159 1919; x_wconf 75' lang='lat' dir='ltr'><strong>dormitIOnem,</strong></span> <span class='ocrx_word' id='word_1_126' title='bbox 1185 1861 1382 1925; x_wconf 90' lang='lat' dir='ltr'><strong>aliisque</strong></span> <span class='ocrx_word' id='word_1_127' title='bbox 1404 1861 1658 1926; x_wconf 88' lang='lat' dir='ltr'><strong>quamplu-</strong></span> 
     </span>
     <span class='ocr_line' id='line_1_20' title="bbox 239 1937 1656 1996; baseline 0.001 -12"><span class='ocrx_word' id='word_1_128' title='bbox 239 1938 370 1984; x_wconf 89' lang='lat' dir='ltr'><strong>rimis</strong></span> <span class='ocrx_word' id='word_1_129' title='bbox 396 1937 891 1996; x_wconf 87' lang='lat' dir='ltr'><strong>incommoditatibus,</strong></span> <span class='ocrx_word' id='word_1_130' title='bbox 922 1938 1033 1984; x_wconf 83' lang='lat' dir='ltr'><strong>satis</strong></span> <span class='ocrx_word' id='word_1_131' title='bbox 1062 1954 1367 1985; x_wconf 88' lang='lat' dir='ltr'><strong>numerosam</strong></span> <span class='ocrx_word' id='word_1_132' title='bbox 1392 1938 1656 1986; x_wconf 88' lang='lat' dir='ltr'><strong>multitudi-</strong></span> 
     </span>
     <span class='ocr_line' id='line_1_21' title="bbox 240 2007 1655 2078; baseline 0.001 -18"><span class='ocrx_word' id='word_1_133' title='bbox 240 2030 350 2061; x_wconf 89' lang='lat' dir='ltr'><strong>nem</strong></span> <span class='ocrx_word' id='word_1_134' title='bbox 386 2014 613 2074; x_wconf 68' lang='lat' dir='ltr'><strong>milstum,</strong></span> <span class='ocrx_word' id='word_1_135' title='bbox 649 2030 892 2061; x_wconf 90' lang='lat' dir='ltr'><strong>armorum</strong></span> <span class='ocrx_word' id='word_1_136' title='bbox 919 2024 966 2061; x_wconf 90' lang='lat' dir='ltr'><strong>et</strong></span> <span class='ocrx_word' id='word_1_137' title='bbox 995 2031 1231 2078; x_wconf 88' lang='lat' dir='ltr'><strong>equorum</strong></span> <span class='ocrx_word' id='word_1_138' title='bbox 1263 2007 1512 2074; x_wconf 84' lang='lat' dir='ltr'><strong>amisisset,</strong></span> <span class='ocrx_word' id='word_1_139' title='bbox 1539 2033 1655 2062; x_wconf 88' lang='lat' dir='ltr'><strong>con-</strong></span> 
     </span>
     <span class='ocr_line' id='line_1_22' title="bbox 241 2091 1651 2156; baseline 0.003 -20"><span class='ocrx_word' id='word_1_140' title='bbox 241 2099 416 2138; x_wconf 87' lang='lat' dir='ltr'><strong>stanter</strong></span> <span class='ocrx_word' id='word_1_141' title='bbox 438 2101 483 2137; x_wconf 89' lang='lat' dir='ltr'><strong>et</strong></span> <span class='ocrx_word' id='word_1_142' title='bbox 516 2101 872 2155; x_wconf 86' lang='lat' dir='ltr'><strong>perseveranter</strong></span> <span class='ocrx_word' id='word_1_143' title='bbox 899 2092 947 2138; x_wconf 91' lang='lat' dir='ltr'><strong>in</strong></span> <span class='ocrx_word' id='word_1_144' title='bbox 978 2108 1063 2139; x_wconf 89' lang='lat' dir='ltr'><strong>sua</strong></span> <span class='ocrx_word' id='word_1_145' title='bbox 1101 2091 1353 2139; x_wconf 87' lang='lat' dir='ltr'><strong>obsidione</strong></span> <span class='ocrx_word' id='word_1_146' title='bbox 1378 2091 1651 2156; x_wconf 87' lang='lat' dir='ltr'><strong>persistens,</strong></span> 
     </span>
     <span class='ocr_line' id='line_1_23' title="bbox 241 2168 1658 2234; baseline 0.002 -20"><span class='ocrx_word' id='word_1_147' title='bbox 241 2168 538 2232; x_wconf 84' lang='lat' dir='ltr'><strong>imperatoris</strong></span> <span class='ocrx_word' id='word_1_148' title='bbox 555 2178 600 2214; x_wconf 90' lang='lat' dir='ltr'><strong>et</strong></span> <span class='ocrx_word' id='word_1_149' title='bbox 613 2186 810 2216; x_wconf 91' lang='lat' dir='ltr'><strong>suorum</strong></span> <span class='ocrx_word' id='word_1_150' title='bbox 828 2172 1177 2217; x_wconf 85' lang='lat' dir='ltr'><strong>Germanorum</strong></span> <span class='ocrx_word' id='word_1_151' title='bbox 1195 2170 1456 2218; x_wconf 90' lang='lat' dir='ltr'><strong>adventum</strong></span> <span class='ocrx_word' id='word_1_152' title='bbox 1471 2187 1658 2234; x_wconf 86' lang='lat' dir='ltr'><strong>exspec-</strong></span> 
     </span>
     <span class='ocr_line' id='line_1_24' title="bbox 244 2244 1650 2311; baseline 0.001 -19"><span class='ocrx_word' id='word_1_153' title='bbox 244 2244 387 2292; x_wconf 81' lang='lat' dir='ltr'><strong>tabat.</strong></span> <span class='ocrx_word' id='word_1_154' title='bbox 411 2244 504 2292; x_wconf 92' lang='lat' dir='ltr'><strong>Sed</strong></span> <span class='ocrx_word' id='word_1_155' title='bbox 529 2246 638 2309; x_wconf 84' lang='lat' dir='ltr'><strong>quia</strong></span> <span class='ocrx_word' id='word_1_156' title='bbox 663 2246 723 2292; x_wconf 93' lang='lat' dir='ltr'><strong>de</strong></span> <span class='ocrx_word' id='word_1_157' title='bbox 745 2263 896 2311; x_wconf 87' lang='lat' dir='ltr'><strong>prope</strong></span> <span class='ocrx_word' id='word_1_158' title='bbox 922 2247 1203 2294; x_wconf 84' lang='lat' dir='ltr'><strong>imminebat</strong></span> <span class='ocrx_word' id='word_1_159' title='bbox 1226 2247 1336 2294; x_wconf 86' lang='lat' dir='ltr'><strong>finis</strong></span> <span class='ocrx_word' id='word_1_160' title='bbox 1359 2257 1650 2311; x_wconf 86' lang='lat' dir='ltr'><strong>treugarum,</strong></span> 
     </span>
     <span class='ocr_line' id='line_1_25' title="bbox 243 2322 1654 2388; baseline 0.001 -20"><span class='ocrx_word' id='word_1_161' title='bbox 243 2338 366 2386; x_wconf 86' lang='lat' dir='ltr'><strong>quae,</strong></span> <span class='ocrx_word' id='word_1_162' title='bbox 390 2323 459 2371; x_wconf 89' lang='lat' dir='ltr'><strong>uti</strong></span> <span class='ocrx_word' id='word_1_163' title='bbox 476 2322 697 2382; x_wconf 81' lang='lat' dir='ltr'><strong>diximus,</strong></span> <span class='ocrx_word' id='word_1_164' title='bbox 720 2340 871 2387; x_wconf 90' lang='lat' dir='ltr'><strong>usque</strong></span> <span class='ocrx_word' id='word_1_165' title='bbox 896 2323 955 2370; x_wconf 87' lang='lat' dir='ltr'><strong>ad</strong></span> <span class='ocrx_word' id='word_1_166' title='bbox 975 2323 1122 2370; x_wconf 87' lang='lat' dir='ltr'><strong>finem</strong></span> <span class='ocrx_word' id='word_1_167' title='bbox 1141 2324 1328 2388; x_wconf 86' lang='lat' dir='ltr'><strong>aprilis’</strong></span> <span class='ocrx_word' id='word_1_168' title='bbox 1350 2325 1474 2370; x_wconf 78' lang='lat' dir='ltr'><strong>inter</strong></span> <span class='ocrx_word' id='word_1_169' title='bbox 1495 2340 1654 2386; x_wconf 87' lang='lat' dir='ltr'><strong>regem</strong></span> 
     </span>
     <span class='ocr_line' id='line_1_26' title="bbox 244 2399 1651 2466; baseline 0.002 -21"><span class='ocrx_word' id='word_1_170' title='bbox 244 2400 532 2446; x_wconf 88' lang='lat' dir='ltr'><strong>Francorum</strong></span> <span class='ocrx_word' id='word_1_171' title='bbox 561 2409 607 2446; x_wconf 89' lang='lat' dir='ltr'><strong>et</strong></span> <span class='ocrx_word' id='word_1_172' title='bbox 638 2399 809 2447; x_wconf 87' lang='lat' dir='ltr'><strong>ducem</strong></span> <span class='ocrx_word' id='word_1_173' title='bbox 839 2400 1233 2463; x_wconf 87' lang='lat' dir='ltr'><strong>Burgundionum</strong></span> <span class='ocrx_word' id='word_1_174' title='bbox 1258 2412 1406 2466; x_wconf 89' lang='lat' dir='ltr'><strong>pactae</strong></span> <span class='ocrx_word' id='word_1_175' title='bbox 1444 2401 1651 2462; x_wconf 82' lang='lat' dir='ltr'><strong>fuerant,</strong></span> 
     </span>
     <span class='ocr_line' id='line_1_27' title="bbox 243 2477 1652 2543; baseline 0.001 -21"><span class='ocrx_word' id='word_1_176' title='bbox 243 2490 406 2522; x_wconf 86' lang='lat' dir='ltr'><strong>earum</strong></span> <span class='ocrx_word' id='word_1_177' title='bbox 428 2486 676 2542; x_wconf 90' lang='lat' dir='ltr'><strong>rupturam</strong></span> <span class='ocrx_word' id='word_1_178' title='bbox 698 2487 839 2541; x_wconf 89' lang='lat' dir='ltr'><strong>atque</strong></span> <span class='ocrx_word' id='word_1_179' title='bbox 864 2477 1007 2524; x_wconf 86' lang='lat' dir='ltr'><strong>finem</strong></span> <span class='ocrx_word' id='word_1_180' title='bbox 1034 2478 1292 2542; x_wconf 87' lang='lat' dir='ltr'><strong>imperator</strong></span> <span class='ocrx_word' id='word_1_181' title='bbox 1315 2488 1361 2526; x_wconf 91' lang='lat' dir='ltr'><strong>et</strong></span> <span class='ocrx_word' id='word_1_182' title='bbox 1382 2479 1454 2525; x_wconf 88' lang='lat' dir='ltr'><strong>sui</strong></span> <span class='ocrx_word' id='word_1_183' title='bbox 1477 2478 1652 2543; x_wconf 89' lang='lat' dir='ltr'><strong>princi-</strong></span> 
     </span>
     <span class='ocr_line' id='line_1_28' title="bbox 244 2555 1654 2618; baseline 0.001 -18"><span class='ocrx_word' id='word_1_184' title='bbox 244 2569 327 2617; x_wconf 92' lang='lat' dir='ltr'><strong>pes</strong></span> <span class='ocrx_word' id='word_1_185' title='bbox 348 2564 618 2618; x_wconf 85' lang='lat' dir='ltr'><strong>exspectare</strong></span> <span class='ocrx_word' id='word_1_186' title='bbox 653 2555 957 2613; x_wconf 88' lang='lat' dir='ltr'><strong>videbantur,</strong></span> <span class='ocrx_word' id='word_1_187' title='bbox 986 2564 1067 2615; x_wconf 87' lang='lat' dir='ltr'><strong>ut,</strong></span> <span class='ocrx_word' id='word_1_188' title='bbox 1101 2556 1352 2602; x_wconf 83' lang='lat' dir='ltr'><strong>Germanis</strong></span> <span class='ocrx_word' id='word_1_189' title='bbox 1383 2572 1439 2602; x_wconf 83' lang='lat' dir='ltr'>ex</span> <span class='ocrx_word' id='word_1_190' title='bbox 1477 2571 1571 2601; x_wconf 86' lang='lat' dir='ltr'><strong>una</strong></span> <span class='ocrx_word' id='word_1_191' title='bbox 1608 2565 1654 2601; x_wconf 85' lang='lat' dir='ltr'><strong>et</strong></span> 
     </span>
     <span class='ocr_line' id='line_1_29' title="bbox 242 2631 1652 2697; baseline 0.001 -21"><span class='ocrx_word' id='word_1_192' title='bbox 242 2631 432 2677; x_wconf 86' lang='lat' dir='ltr'><strong>Francis</strong></span> <span class='ocrx_word' id='word_1_193' title='bbox 466 2648 522 2677; x_wconf 86' lang='lat' dir='ltr'>ex</span> <span class='ocrx_word' id='word_1_194' title='bbox 557 2633 702 2679; x_wconf 85' lang='lat' dir='ltr'><strong>altera</strong></span> <span class='ocrx_word' id='word_1_195' title='bbox 724 2633 938 2697; x_wconf 86' lang='lat' dir='ltr'><strong>partibus</strong></span> <span class='ocrx_word' id='word_1_196' title='bbox 969 2633 1018 2679; x_wconf 89' lang='lat' dir='ltr'><strong>in</strong></span> <span class='ocrx_word' id='word_1_197' title='bbox 1050 2632 1222 2680; x_wconf 90' lang='lat' dir='ltr'><strong>ducem</strong></span> <span class='ocrx_word' id='word_1_198' title='bbox 1257 2633 1652 2696; x_wconf 86' lang='lat' dir='ltr'><strong>Burgundionum</strong></span> 
     </span>
    </p>
   </div>
   <div class='ocr_carea' id='block_1_6' title="bbox 296 2784 1653 2896">
    <p class='ocr_par' dir='ltr' id='par_1_6' title="bbox 296 2784 1653 2896">
     <span class='ocr_line' id='line_1_30' title="bbox 296 2784 1653 2837; baseline 0.001 -16"><span class='ocrx_word' id='word_1_199' title='bbox 296 2786 332 2822; x_wconf 76' lang='lat'><strong>1.</strong></span> <span class='ocrx_word' id='word_1_200' title='bbox 363 2784 540 2836; x_wconf 82' lang='lat' dir='ltr'><strong>Chapitre</strong></span> <span class='ocrx_word' id='word_1_201' title='bbox 554 2785 730 2837; x_wconf 83' lang='lat' dir='ltr'><strong>imprime</strong></span> <span class='ocrx_word' id='word_1_202' title='bbox 750 2786 843 2825; x_wconf 87' lang='lat' dir='ltr'><strong>dans</strong></span> <span class='ocrx_word' id='word_1_203' title='bbox 857 2787 1132 2837; x_wconf 84' lang='lat' dir='ltr'><strong>l’Amplissima</strong></span> <span class='ocrx_word' id='word_1_204' title='bbox 1151 2789 1330 2833; x_wconf 82' lang='lat' dir='ltr'><strong>collectio,</strong></span> <span class='ocrx_word' id='word_1_205' title='bbox 1347 2794 1371 2825; x_wconf 88' lang='lat' dir='ltr'><strong>t.</strong></span> <span class='ocrx_word' id='word_1_206' title='bbox 1391 2788 1456 2833; x_wconf 91' lang='lat' dir='ltr'><strong>IV,</strong></span> <span class='ocrx_word' id='word_1_207' title='bbox 1472 2785 1653 2823; x_wconf 48' lang='lat' dir='ltr'><strong>col.·177,</strong></span> 
     </span>
     <span class='ocr_line' id='line_1_31' title="bbox 298 2844 1133 2896; baseline 0.001 -14"><span class='ocrx_word' id='word_1_208' title='bbox 298 2847 335 2882; x_wconf 74' lang='lat'><strong>2.</strong></span> <span class='ocrx_word' id='word_1_209' title='bbox 367 2844 586 2893; x_wconf 88' lang='lat' dir='ltr'><strong>Ci-dessus,</strong></span> <span class='ocrx_word' id='word_1_210' title='bbox 608 2858 645 2896; x_wconf 89' lang='lat' dir='ltr'><strong>p.</strong></span> <span class='ocrx_word' id='word_1_211' title='bbox 667 2847 758 2883; x_wconf 74' lang='lat'><strong>339.</strong></span> <span class='ocrx_word' id='word_1_212' title='bbox 1129 2860 1133 2865; x_wconf 85' lang='lat'>·</span> 
     </span>
    </p>
   </div>
  </div>
 </body>
</html>
