2054 3470
800 289 947 325 LIBER
974 288 1173 325 PRIMUS.
1641 290 1689 327 '19

350 377 488 425 Unde
509 387 573 437 et,
599 377 648 423 in
672 375 844 422 eodem
866 390 955 421 suo
977 373 1186 421 adventu
1210 389 1358 433 novo,
1382 375 1580 438 vectigal
1604 392 1691 422 no·

283 472 396 502 vum
419 453 644 519 imposuit
667 468 809 516 super
832 451 972 509 vinis,
998 466 1103 513 quae
1123 466 1209 515 per
1230 450 1409 497 flumen
1433 453 1686 514 Sequanae,

285 531 374 580 sub
396 541 543 597 ponte
566 529 732 595 oppidi
755 527 1118 589 Pontis-Archae,
1144 526 1488 575 descenderent
1509 528 1689 575 Rotho-

285 625 476 672 magum
501 617 547 655 et
573 607 637 655 ad
663 615 821 672 partes
850 605 1126 652 inferiores:
1152 615 1200 652 et
1223 605 1341 652 illud
1371 605 1566 670 quidem
1592 623 1689 653 non

283 701 506 750 parvum3
527 684 612 732 sed
633 683 846 731 medium
867 692 1056 730 scutum
1073 683 1177 730 auri
1199 699 1288 748 pro
1310 683 1521 747 qualibet
1538 684 1691 731 cauda

281 763 380 810 vini
399 761 546 810 levari
565 762 742 826 jussit¹.
770 760 917 819 Quod
940 760 1170 823 injustum
1199 770 1247 807 et
1272 760 1595 808 irrationabile
1618 762 1689 808 ni-

282 841 396 902 mis,
425 839 659 905 valdeque
682 839 859 886 durum
880 847 928 886 et
951 838 1267 885 inhumanum
1290 847 1406 885 erat.
1440 841 1558 885 Nam
1581 855 1691 885 cum

281 926 379 965 tota
398 918 594 966 inferior
615 916 908 964 Normannia
925 924 1083 963 careat
1101 915 1242 975 vinis,
1265 905 1354 962 nisi
1375 924 1610 979 quatenus
1631 915 1691 963 de

281 995 475 1042 remotis
489 994 747 1041 Galliarum
762 992 1021 1058 provinciis
1036 992 1135 1053 illo,
1152 993 1340 1056 navigio
1355 1009 1438 1040 seu
1454 991 1689 1053 curribus,

281 1071 600 1133 advehuntur,
637 1072 792 1135 sitque
819 1079 1014 1118 vectura
1041 1070 1163 1117 adeo
1189 1070 1342 1134 gravis
1363 1081 1506 1134 atque
1530 1086 1693 1135 sump-

282 1158 418 1196 tuosa
439 1148 571 1212 (cum
600 1147 700 1195 aliis
728 1146 997 1212 sumptibus
1022 1156 1068 1193 et
1095 1146 1323 1211 impensis
1348 1163 1469 1211 quos
1494 1163 1583 1212 pro
1613 1163 1694 1194 eo-

282 1242 389 1272 rum
417 1226 662 1291 emptione
687 1224 790 1272 fieri
818 1227 1036 1289 oportet)
1063 1223 1220 1288 quod,
1249 1240 1361 1271 cum
1390 1223 1484 1271 illic
1518 1241 1546 1271 a
1572 1241 1693 1272 mer-

281 1302 521 1349 catoribus
554 1301 852 1350 ducellantur
882 1301 979 1348 sive
1014 1300 1076 1348 ad
1113 1301 1360 1349 tabernam
1390 1301 1690 1362 venduntur,

281 1391 477 1443 quartus
513 1379 761 1438 denarius,
808 1379 891 1442 qui
931 1378 1029 1441 regi
1069 1377 1181 1424 inde
1221 1378 1443 1439 solvitur,
1487 1378 1549 1425 ad
1588 1380 1695 1443 plus

282 1457 505 1504 ascendat
533 1472 679 1521 quam
701 1456 847 1520 ipsius
872 1455 967 1502 vini
991 1456 1194 1520 pretium
1216 1455 1266 1502 in
1287 1455 1524 1520 plerisque
1547 1455 1689 1515 locis,

283 1533 412 1580 unde
449 1533 511 1581 ad
554 1533 895 1580 Normanniam
929 1531 1249 1592 advehuntur,
1285 1533 1538 1594 exstiterit,
1584 1535 1696 1581 satis

282 1610 497 1675 profecto
526 1610 607 1658 illa
637 1610 796 1658 infelix
821 1609 1091 1675 provincia,
1120 1619 1167 1656 et
1191 1626 1335 1674 super
1365 1611 1500 1671 satis,
1534 1611 1696 1674 quoad

282 1688 415 1748 vina,
450 1697 639 1751 gravata
665 1697 790 1748 erat,
826 1686 887 1734 de
917 1695 1088 1750 quarto
1120 1687 1201 1734 illo
1226 1686 1424 1735 denario
1447 1705 1591 1751 quem
1615 1706 1695 1736 rex

281 1781 426 1830 super
454 1764 702 1825 omnibus,
733 1779 838 1828 quae
861 1763 1182 1823 ducellantur,
1214 1764 1363 1826 levat,
1393 1764 1574 1830 absque
1601 1765 1697 1813 hoc

281 1842 412 1906 quod
432 1843 604 1890 iterum
621 1842 702 1890 illo
719 1858 849 1888 novo
865 1851 913 1888 et
928 1857 1136 1888 oneroso
1149 1842 1362 1905 vectigali
1383 1852 1692 1906 premeretur.

285 1919 499 1967 Vidimus
523 1920 612 1985 ipsi
640 1919 913 1983 frequenter
936 1935 1025 1983 pro
1048 1918 1202 1965 cauda
1223 1919 1322 1966 vini
1345 1919 1596 1982 solvisex,
1622 1921 1697 1968 vel

281 2005 484 2062 septem,
522 1996 597 2044 vel
627 2006 738 2043 octo
772 1996 981 2056 stancos,
1018 2012 1107 2060 pro
1134 1996 1389 2060 quadrimo
1416 2014 1498 2045 seu
1524 2007 1697 2062 quarto

215 2114 225 2123 ,
281 2070 496 2131 denario,
521 2089 634 2119 cum
654 2073 703 2118 in
722 2072 832 2118 loco
850 2071 979 2119 unde
1000 2072 1112 2119 vina
1132 2082 1294 2137 empta
1315 2082 1363 2120 et
1383 2073 1580 2120 advecta
1602 2074 1699 2121 fue-

281 2159 411 2211 rant,
436 2149 592 2197 cauda
612 2150 712 2196 vini
733 2149 875 2212 longe
897 2150 1084 2197 minore
1102 2151 1256 2215 pretio
1277 2151 1581 2199 venderetur.
1605 2152 1699 2199 Sed

284 2225 433 2273 nihilo
465 2226 595 2274 illam
628 2226 789 2291 patriae
822 2242 917 2273 suae
952 2236 999 2273 et
1031 2227 1201 2292 populi
1238 2228 1453 2291 ejusdem
1484 2229 1699 2293 inopiam

283 2303 390 2367 pius
410 2320 492 2352 rex
514 2305 784 2362 miseratus,
809 2321 898 2368 pro
922 2305 1027 2351 solo
1048 2314 1187 2366 nutu,
1216 2305 1455 2370 prioribus
1475 2307 1585 2354 satis
1608 2307 1699 2353 im-

286 2380 505 2428 manibus
545 2381 642 2428 hoc
690 2381 833 2429 etiam
883 2398 1066 2429 novum
1105 2383 1466 2431 Pontis-Archae
1501 2383 1699 2447 vectigal

287 2455 470 2519 adjecit.
493 2460 602 2515 Quo
625 2474 736 2505 cum
761 2461 942 2522 gravati
965 2459 1167 2505 nimium
1188 2470 1234 2506 et
1257 2459 1467 2507 deterriti
1489 2461 1700 2525 negotia-

287 2540 429 2594 tores,
455 2534 650 2582 flumine
673 2545 720 2583 et
741 2536 1056 2599 navigationis
1079 2537 1420 2585 commoditate
1443 2538 1695 2596 derelictis,

286 2610 501 2659 curribus
512 2612 621 2660 vina
637 2613 873 2661 advehere
890 2614 1051 2679 potius
1062 2613 1316 2678 eligerent,
1336 2625 1383 2662 et
1401 2632 1486 2680 per
1503 2625 1694 2673 terram,

340 2723 359 2758 1
371 2753 380 2762 .
403 2713 491 2759 Edit
509 2723 576 2772 qui
590 2736 754 2775 manque
772 2726 895 2772 aussi;
919 2726 1015 2765 mais
1035 2739 1087 2765 on
1106 2727 1179 2765 sait
1196 2727 1289 2778 qu’il
1308 2728 1367 2766 fut
1382 2728 1513 2766 notifie
1533 2729 1553 2764 ὸ
1573 2727 1698 2765 l’Uni-

287 2780 426 2819 versit&
443 2794 492 2820 en
507 2782 592 2830 juin
611 2785 728 2821 1462.
747 2785 970 2835 Duboulay,
990 2789 1090 2826 Hist.
1114 2788 1224 2825 Unio.
1245 2789 1371 2826 Paris.
1406 2789 1449 2833 V,
1471 2789 1560 2824 665.
