2054 3470
435 334 513 370 248
719 311 727 319 ’
799 333 1139 373 ΗῙεΤοΒΙΑΙωΜ
1165 335 1399 374 LUDovlcl
1425 337 1481 374 x1

434 421 491 469 lis
521 420 757 469 dictorum
787 421 1004 469 locorum
1039 423 1213 470 civium
1243 425 1429 471 animos
1460 425 1521 473 ad
1554 426 1844 476 deditionem

434 498 731 547 sollicitabat.

502 576 590 623 Cui
616 576 684 622 rei
714 576 930 638 gerendae
950 593 1000 623 se
1023 577 1288 624 ministrum
1311 588 1452 642 atque
1481 580 1846 629 instrumentum

435 653 542 700 fecit
589 668 749 699 comes
794 654 1110 700 Sancti-Pauli
1126 691 1138 715 ,
1181 655 1622 703 connestabularius
1639 659 1651 681 ¹
1688 658 1845 707 dictus

435 730 665 789 Franciae3
707 731 816 793 qui,
850 747 1001 794 prope
1035 730 1310 794 hujusmodi
1351 733 1560 780 civitates
1591 743 1637 780 et
1668 735 1846 799 oppida

436 807 651 873 praesidia
680 809 887 854 militum
916 807 1138 866 habens²‚
1170 809 1326 872 primo
1355 809 1549 873 quidem
1580 810 1762 858 civibus
1789 828 1846 858 ex

435 886 661 932 condicto
684 885 950 932 voluntarie
976 902 1027 932 se
1055 885 1339 933 dedentibus
1364 897 1411 934 et
1440 887 1529 934 s‘ub
1550 889 1729 952 regiam
1747 906 1846 936 ma-

436 979 553 1009 num
575 962 904 1009 affectantibus
925 963 1105 1020 venire,
1126 963 1360 1027 oppidum
1377 965 1774 1023 Sancti-Quintini
1796 967 1845 1013 in

437 1039 762 1098 Viromandia,
789 1057 930 1105 supra
953 1041 1265 1087 Summonam
1282 1041 1459 1088 flumen
1482 1043 1640 1099 situm,
1671 1045 1847 1108 recepit

435 1127 575 1181 atque
598 1117 828 1164 introivit³
843 1154 854 1175 ,
875 1134 986 1164 cum
1006 1117 1151 1175 nulla,
1173 1127 1225 1164 ut
1247 1118 1468 1178 diximus,
1492 1129 1599 1183 post
1618 1120 1747 1168 illam
1769 1138 1848 1168 so-

433 1197 640 1243 lemnem
674 1205 816 1259 atque
849 1205 945 1242 tam
975 1206 1261 1256 reverenter,
1287 1195 1416 1260 apud
1441 1198 1699 1257 Peronam,
1726 1200 1849 1246 inter

436 1289 593 1337 regem
625 1275 914 1319 Francorum
943 1282 991 1319 et
1019 1272 1300 1336 Burgundiae
1332 1272 1528 1331 ducem,
1554 1285 1848 1322 sacramento

435 1349 709 1396 solemniter
731 1349 967 1396 firmatam
985 1359 1265 1414 perpetuam
1287 1366 1471 1414 pacem,
1495 1349 1763 1398 hostilitatis
1781 1362 1850 1399 at-

435 1443 528 1490 que
539 1426 772 1472 inferendi
784 1426 895 1473 belli
906 1426 1201 1473 denuntiatio
1215 1427 1372 1491 palam
1388 1428 1714 1492 praecessisset.
1733 1431 1849 1487 Quae

437 1505 475 1551 si
490 1504 814 1569 praecessisset,
835 1520 934 1550 non
958 1514 1028 1551 est
1049 1504 1378 1552 arbitrandum
1402 1505 1532 1569 quod
1553 1507 1849 1570 Burgundio·

437 1596 554 1626 num
569 1579 665 1626 dux
678 1580 1011 1644 hujuscemodi
1030 1581 1264 1646 oppidum
1283 1591 1329 1629 et
1341 1582 1431 1629 alia
1446 1582 1690 1629 hostilium
1709 1593 1851 1632 terra-

438 1674 546 1703 rum
573 1657 839 1717 limitanea,
865 1657 1045 1721 absque
1064 1658 1267 1705 militum
1291 1658 1520 1724 praesidiis
1541 1670 1588 1707 et
1607 1661 1846 1721 custodia,

440 1734 722 1798 reliquisset.

507 1810 670 1871 Unde,
712 1810 822 1857 licet
857 1810 1190 1874 hujuscemodi
1230 1812 1463 1877 oppidum
1491 1815 1573 1861 tali
1609 1814 1849 1862 machina-

440 1897 605 1934 mento
631 1888 698 1934 sic
720 1886 781 1933 ab
809 1903 868 1933 eo
897 1886 1168 1947 defecisset,
1197 1905 1296 1935 non
1322 1890 1477 1935 statim
1505 1899 1663 1938 tamen
1692 1890 1852 1938 adhuc

439 2044 535 2086 fitle
551 2044 626 2082 duc
644 2044 692 2082 de
710 2047 938 2096 Bourgogne
960 2056 1037 2081 aux
1056 2044 1224 2095 envoyes
1243 2044 1296 2082 du
1314 2045 1392 2094 roi,
1414 2045 1480 2095 qui
1498 2044 1654 2084 allaient
1671 2046 1726 2085 lui
1743 2046 1853 2085 offrir

438 2104 657 2156 reparation
678 2104 726 2141 de
744 2111 827 2141 tout
843 2103 881 2141 le
900 2103 1103 2156 dommage
1121 2104 1233 2142 cause
1251 2117 1322 2156 par
1339 2106 1531 2144 Warwick
1550 2121 1558 2144 :
1583 2123 1602 2141 α
1620 2109 1737 2145 Entre
1754 2120 1852 2146 nous

438 2172 567 2203 autres
587 2161 850 2215 Portugalois,
873 2175 993 2200 avons
1011 2177 1088 2202 une
1109 2172 1308 2202 coustume
1326 2164 1463 2203 devers
1483 2179 1603 2212 nous,
1626 2179 1702 2217 que
1723 2166 1852 2217 quand

441 2224 555 2263 ceulx
568 2235 644 2274 que
658 2235 756 2260 nous
773 2235 892 2260 avons
911 2230 1019 2260 tenus
1038 2224 1059 2261 a
1073 2236 1144 2261 nos
1163 2223 1258 2261 amis
1277 2236 1318 2261 se
1334 2224 1417 2261 font
1433 2225 1528 2262 amis
1543 2227 1564 2262 a
1579 2238 1650 2263 nos
1665 2226 1850 2272 ennemis,

440 2297 538 2324 nous
554 2284 610 2321 les
624 2281 900 2320 commandons
915 2284 935 2320 a
951 2291 1037 2321 tous
1053 2284 1107 2321 les
1122 2292 1208 2321 cent
1223 2283 1329 2322 mille
1345 2283 1490 2322 diables
1510 2284 1673 2324 d'enfer.
1698 2302 1714 2318 »
1741 2302 1758 2319 «
1778 2285 1853 2322 Re-

440 2357 582 2397 ponse,
611 2343 667 2380 dit
694 2342 928 2390 chastelain‚
953 2355 1031 2380 non
1056 2356 1125 2394 pas
1151 2343 1242 2381 bien
1268 2343 1370 2394 prise
1393 2343 1459 2381 des
1486 2356 1579 2395 gens
1608 2357 1771 2382 mesmes
1800 2344 1853 2384 du

440 2404 529 2443 duc.
553 2398 570 2436 i»
591 2400 716 2451 (Part.
738 2404 807 2450 III,
825 2401 887 2441 ch.
909 2403 984 2439 199
999 2410 1037 2439 et
1055 2404 1160 2450 200).
1177 2402 1383 2440 D’ailleurs
1395 2401 1634 2441 l’assemblee
1655 2403 1703 2441 de
1714 2406 1851 2453 Tours,

442 2477 512 2516 par
529 2463 597 2514 qui
615 2462 651 2499 le
670 2461 729 2499 roi
746 2474 785 2499 se
807 2461 848 2498 fit
870 2460 1080 2514 dechar-ger
1096 2461 1149 2499 du
1164 2470 1331 2500 serment
1348 2462 1396 2500 de
1413 2462 1601 2511 Pei-onne,
1619 2471 1657 2500 et
1672 2476 1741 2514 par
1756 2463 1853 2503 suite

442 2523 491 2562 de
508 2521 674 2573 laquelle
691 2520 729 2558 le
749 2520 822 2557 duc
843 2529 949 2570 recut
966 2534 1042 2559 une
1066 2521 1299 2573 assignation
1317 2534 1365 2559 en
1384 2520 1610 2571 parlement‚
1634 2521 1727 2560 dont
1744 2522 1772 2560 il
1791 2523 1853 2561 in-

442 2581 646 2620 carcerale
661 2588 834 2631 portem,
849 2580 940 2618 etait
955 2593 1031 2619 une
1045 2594 1220 2619 annonce
1236 2594 1341 2620 assez
1356 2582 1555 2621 manifeste
1570 2582 1637 2621 des
1651 2582 1849 2622 hostilitcs.

442 2641 674 2688 Commines‚
689 2639 715 2679 l.
736 2642 808 2687 ΠΙ,
830 2639 892 2678 ch.
914 2654 941 2679 1.

500 2705 517 2739 1
529 2732 538 2740 .
573 2699 851 2738 connestablius
870 2699 965 2738 dans
984 2700 1020 2738 le
1039 2713 1111 2740 mS.

498 2764 538 2801 2.
568 2763 672 2798 Dans
690 2772 750 2797 ses
769 2758 957 2797 chateaux
977 2759 1026 2798 de
1045 2762 1142 2798 Ham
1162 2768 1199 2798 et
1222 2760 1269 2798 de
1287 2760 1535 2800 Beaurevoir.

501 2823 539 2861 3.
569 2823 623 2858 Le
640 2821 689 2857 10
710 2818 912 2857 decembre
928 2821 1046 2858 1470.
