2054 3470
594 667 825 728 mmzx
869 665 1407 745 CAPITULORUM

344 836 386 862 ΙΙ
413 835 494 868 Qua
519 833 762 859 munuum
789 832 1041 859 msromntm
1066 833 1248 859 Lunovxcl
1275 834 1318 858 x1
1344 833 1445 859 mm
1473 832 1646 864 quinqua

906 897 1059 923 numus
1064 914 1074 924 .

819 1055 958 1091 LIBER
983 1054 1176 1091 PRIMUS.

1610 1135 1703 1159 aas

293 1179 506 1214 cunum:
519 1187 675 1213 rancun.
689 1196 737 1204 —
752 1177 926 1221 Qualiter,
945 1185 1087 1212 mortuo
1101 1187 1214 1224 patre,
1230 1176 1431 1212 Ludovicus
1445 1178 1520 1224 ejus
1535 1176 1608 1224 pri-

340 1237 550 1284 mogenitus,
564 1236 672 1271 fretus
685 1236 817 1271 auxilio
831 1236 1000 1284 Philippi,
1012 1236 1306 1284 Burgundionum
1322 1237 1437 1282 ducis,
1450 1250 1485 1272 se
1499 1236 1610 1284 adpa-

339 1296 440 1331 rabat
461 1294 509 1330 ad
526 1294 797 1330 nanciscendam
807 1296 946 1342 paterni
962 1296 1062 1344 regni
1077 1296 1329 1344 possessionem
1337 1319 1607 1332 ............

295 1392 503 1428 ΕΔΗ-τηου
519 1403 559 1427 11.
569 1409 618 1418 —
630 1391 683 1425 De
700 1390 889 1425 inimicitiis
903 1399 937 1426 et
952 1390 1037 1426 odio
1052 1375 1136 1426 novi
1150 1391 1240 1438 regis
1253 1390 1300 1426 ad
1315 1390 1487 1438 quosdam
1503 1389 1610 1425 duces

339 1459 521 1499 paternos,
537 1459 572 1486 et
589 1450 760 1498 exsequiis
772 1451 864 1498 pau-i
880 1450 1048 1486 defuncto
1061 1451 1161 1486 factis
1172 1464 1192 1486 a
1208 1463 1257 1495 se,
1275 1459 1309 1487 et
1323 1463 1497 1493 concursu
1510 1451 1608 1486 vario

340 1511 594 1558 regnicolarum
613 1510 1245 1564 adeum....................3
1259 1536 1603 1547 ...............

297 1607 507 1642 emon
527 1619 581 1644 m.
598 1626 646 1634 —
660 1605 853 1650 Quomodo
877 1606 942 1641 fuit
963 1605 1082 1642 Remis
1103 1605 1266 1641 inunctus
1290 1605 1329 1640 in
1348 1618 1485 1653 regem;
1509 1613 1543 1640 et
1564 1604 1610 1639 de

342 1666 575 1713 promissione
597 1665 755 1713 ejusdem
774 1665 820 1701 de
837 1665 1055 1701 sublevando
1070 1677 1219 1712 regnum
1242 1665 1286 1700 ab
1308 1665 1474 1700 oneribus
1495 1663 1611 1700 tallia-

341 1737 422 1760 rum
436 1733 471 1760 et
491 1725 638 1760 aliarum
662 1725 885 1760 exactionum
902 1724 1116 1760 currentium
1130 1725 1168 1759 in
1183 1736 1293 1772 regno
1297 1748 1606 1760 ..............

294 1821 503 1856 Cam-runnu
516 1834 567 1856 rv.
585 1841 632 1848 —
646 1821 838 1866 Quomodo
858 1835 901 1857 ex
915 1822 1033 1858 Remis
1047 1821 1144 1859 venit
1156 1821 1202 1857 ad
1218 1821 1612 1870 Sanctum-Dionysium

340 1892 455 1927 prope
471 1880 634 1925 Parisios,
648 1881 710 1915 ubi
729 1894 750 1915 a
767 1881 923 1928 quodam
937 1882 1027 1917 Italo
1044 1890 1323 1929 praesumptuoso
1338 1881 1430 1929 patri
1443 1879 1610 1917 defuncto

339 1938 549 1973 beneficium
568 1940 796 1974 absolutionis
814 1939 1012 1988 impensum
1029 1949 1079 1975 est
1086 1966 1602 1976 ......................

295 2035 506 2072 curruum
520 2049 556 2073 v.
573 2056 622 2063 —-
637 2035 833 2081 Quomodo
848 2049 911 2071 rex
925 2049 1040 2072 novus
1057 2037 1189 2083 regiam
1204 2049 1302 2071 suam
1317 2036 1531 2072 Parisiorum
1548 2049 1612 2071 ur-

294 2119 299 2131 .
341 2093 422 2128 bem
436 2093 610 2141 ingressus
623 2104 673 2130 est
676 2121 801 2132 ......
808 2139 812 2143 .
815 2120 1610 2132 ..................................

296 2187 506 2223 ΟΔιητσιωι
519 2200 570 2222 VI.
586 2208 635 2215 —
649 2188 806 2232 Qualiter
827 2201 889 2224 rex
908 2188 1034 2225 officiis
1053 2190 1152 2238 regni
1168 2189 1384 2238 providerit;
1407 2199 1440 2225 et
1455 2190 1500 2225 de
1517 2190 1613 2225 inex-

339 2247 461 2295 plebili
478 2247 641 2292 avaritia,
663 2248 796 2295 rapinis
811 2257 912 2295 atque
931 2248 1021 2285 dolis
1036 2249 1173 2285 domini
1188 2249 1233 2284 de
1252 2250 1463 2284 Montaulben
1467 2275 1611 2287 .......

298 2341 509 2377 Cam-mum
522 2353 586 2378 vn.
602 2360 650 2369 ·-
664 2342 717 2375 De
741 2340 833 2376 dolis
847 2350 881 2376 et
894 2342 1028 2390 rapinis
1047 2343 1086 2378 in
1101 2342 1350 2378 distribuendis
1370 2344 1469 2390 regni
1488 2343 1614 2378 officiis

344 2401 555 2444 commissis,
583 2409 618 2435 et
640 2400 685 2435 de
702 2400 881 2436 amotione
902 2402 1155 2437 officim-iorum
1171 2412 1204 2438 et
1224 2403 1357 2438 ducum
1375 2403 1506 2437 militiae
1527 2414 1615 2450 quos

342 2468 443 2507 pater
454 2471 536 2494 suns
551 2459 764 2506 instituerat,
775 2468 809 2494 et
824 2460 974 2495 aliorum
988 2473 1164 2497 novorum
1179 2462 1384 2503 suffectione
1392 2487 1611 2497 ..........

299 2553 510 2588 Cnmmm
522 2565 599 2590 vm.
617 2573 666 2580 —
685 2554 834 2597 Qualem
856 2565 892 2588 se
912 2566 973 2588 rex
997 2553 1043 2589 ad
1060 2554 1186 2590 ducem
1209 2554 1421 2603 Burgundioe
1438 2554 1612 2599 exhibuit,

345 2620 531 2658 antequam
547 2625 591 2647 ex
605 2613 745 2648 Parisiis
758 2613 804 2648 ad
819 2613 967 2661 propria
982 2613 1133 2657 rediret3
1156 2623 1190 2650 et
1206 2614 1251 2649 de
1270 2615 1505 2662 promissione
1525 2613 1614 2660 ejus-

346 2670 428 2705 dem
450 2671 539 2718 regis
560 2671 605 2706 de
630 2672 847 2708 sublevando
874 2685 1023 2720 regnum
1037 2674 1081 2708 ab
1097 2686 1203 2709 onere
1216 2673 1389 2709 talliarum
1413 2682 1447 2708 et
1467 2672 1615 2707 aliarum

344 2739 566 2764 exactionum
574 2757 1610 2768 ............................................

302 2819 514 2856 Currant
535 2833 585 2856 1x.
604 2841 650 2848 -
662 2823 715 2857 De
735 2823 988 2870 supplicatione
1002 2825 1092 2859 facta
1111 2837 1178 2872 pro
1193 2825 1374 2872 provincia
1389 2824 1614 2861 Normanniae

1684 1295 1698 1327 1

1661 1941 1704 1975 12

1662 2096 1707 2130 15

1663 2251 1706 2285 18

1661 2462 1706 2496 22

1662 2731 1706 2764 27
