2054 3470
748 343 895 381 mma
921 343 1165 390 QUARTUS.
1587 345 1662 382 333

258 430 589 480 commodiore
610 431 686 477 via
701 447 785 478 eos
806 429 1045 477 edomitos
1067 428 1155 477 sibi
1177 429 1419 494 subigere,
1448 441 1591 496 atque
1614 433 1661 479 in

257 507 527 567 seditiosos,
551 516 599 554 et
630 507 927 573 potissimum
960 506 1206 554 seditionis
1238 516 1476 569 auctores,
1509 517 1664 556 tantas

258 601 352 632 suae
369 584 583 650 dignitati
604 585 832 648 irrogatas
854 585 1050 649 injurias
1071 584 1313 632 vindicare
1330 585 1512 651 posset)
1534 602 1665 632 com·

258 662 448 710 modius
488 679 574 728 per
612 662 918 710 Germaniam
953 672 1000 709 et
1040 678 1147 709 oras
1183 661 1334 709 Rheni
1367 663 1530 727 copias
1558 679 1665 710 suas

258 737 320 786 ad
342 738 442 786 illas
469 737 650 786 Alsatiae
684 748 827 786 terras
861 754 1002 803 posse
1038 738 1276 803 traJicere,
1302 738 1352 784 in
1384 738 1558 803 quibus
1583 738 1665 786 ali-

257 826 527 864 mentorum
550 816 689 881 copia
711 832 966 880 rerumque
982 816 1088 863 usui
1111 814 1223 862 belli
1247 823 1295 862 et
1309 816 1439 880 pacis
1454 832 1667 864 necessa-

256 893 432 940 riarum
454 885 753 941 exuberatio¹
780 902 897 940 erat.
918 892 1063 951 Quod
1091 892 1214 939 factu
1239 891 1372 940 facile
1402 892 1492 940 sibi
1523 910 1663 958 repu-

255 969 384 1018 tabat
414 981 460 1018 et
496 971 676 1035 absque
711 970 808 1018 ullo
839 987 972 1036 paene
1006 970 1199 1034 negotio
1232 986 1370 1034 posse
1404 969 1660 1035 perficere,

257 1047 483 1114 copulato
503 1048 591 1096 sibi
614 1049 772 1096 favore
802 1058 1034 1095 terrarum
1068 1047 1500 1113 archiepiscopatus
1528 1047 1666 1095 Colo·

256 1125 457 1185 niensis,
484 1143 630 1191 quem
654 1125 834 1189 absque
861 1124 1136 1172 difficultate
1158 1124 1434 1172 habiturum
1455 1123 1665 1172 confide-

254 1201 360 1263 bat,
398 1220 454 1252 ex
494 1203 567 1251 his
610 1220 713 1267 quae
753 1203 1138 1268 archiepiscopus
1175 1202 1330 1249 eidem
1369 1202 1513 1268 paulo
1555 1213 1665 1250 ante

255 1291 563 1343 suggesserat.
589 1280 921 1344 pervulgatum
946 1280 1074 1326 enim
1102 1278 1292 1344 publice
1314 1290 1415 1327 erat
1440 1280 1664 1327 eumdem

256 1355 693 1422 archiepiscopum,
726 1367 778 1404 ut
808 1356 1142 1422 procliviorem
1176 1373 1286 1404 eum
1321 1357 1382 1404 ad
1415 1374 1464 1404 se
1500 1357 1663 1404 defen-

256 1431 469 1481 dendum
488 1445 654 1482 contra
674 1451 785 1481 suos
805 1434 1004 1481 rebelles
1026 1434 1272 1494 redderet,
1296 1433 1386 1481 sibi
1407 1434 1665 1482 affirmasse

256 1525 463 1575 eumque
491 1513 556 1558 ita
579 1513 627 1558 in
658 1511 800 1558 fidem
828 1527 1022 1558 suarum
1045 1512 1360 1558 assertionum
1383 1511 1662 1572 adduxisse,

258 1596 310 1633 ut
329 1605 428 1635 non
451 1588 688 1636 dubitaret
707 1589 916 1636 civitates
933 1598 978 1637 et
998 1589 1175 1653 oppida
1196 1588 1400 1636 ecclesiae
1418 1587 1667 1636 Colonien-

255 1665 343 1725 sis,
376 1681 521 1730 quam
558 1668 766 1730 primum
793 1682 904 1713 eum
935 1682 1047 1712 cum
1078 1665 1174 1712 suis
1204 1665 1484 1713 adventasse
1516 1665 1667 1730 copiis

255 1757 461 1808 eumque
483 1743 604 1790 velle
637 1759 687 1790 se
719 1744 910 1808 aggredi
940 1759 996 1791 ac
1026 1760 1298 1808 expugnare
1333 1744 1662 1809 perviderent,

255 1818 436 1866 nullam
464 1820 507 1866 ei
530 1821 756 1868 facturas'
781 1820 1114 1882 resistentiam3
1140 1820 1225 1867 sed
1248 1821 1430 1882 statim,
1457 1837 1557 1868 non
1585 1837 1667 1867 ex-

255 1905 520 1959 spectantes
562 1913 613 1944 se
663 1898 924 1962 expugnari
963 1898 1038 1944 vel
1090 1896 1328 1959 obsideri,
1374 1898 1667 1945 deditionem

256 1970 485 2033 facturas,
512 1983 559 2020 et
581 1972 656 2020 his
687 1987 792 2038 quae
816 1975 883 2021 eis
905 1973 1152 2021 mandaret
1179 1975 1428 2039 parituras.
1462 1974 1606 2033 Quod
1628 1975 1667 2022 si

255 2047 319 2095 ita
353 2049 468 2109 sibi,
507 2051 576 2098 uti
605 2051 655 2097 in
685 2051 901 2098 animum
936 2050 1176 2098 induxisse
1209 2051 1476 2113 videbatur,
1516 2069 1591 2100 res
1623 2053 1666 2100 ei

255 2127 560 2188 processisset
581 2163 593 2186 ,
638 2126 1055 2192 obedientiamque
1099 2129 1300 2176 civitatis
1342 2139 1390 2176 et
1433 2139 1666 2177 terrarum

255 2200 402 2264 ipsius
429 2202 635 2250 ecclesiae
660 2204 956 2252 Coloniensis
976 2215 1143 2252 nactus
1172 2206 1358 2266 fuisset,
1383 2207 1551 2272 procul
1576 2208 1665 2255 du-

255 2275 337 2324 bio
366 2279 475 2326 satis
502 2280 752 2327 verisimile
781 2290 874 2340 est,
901 2298 1051 2346 parvo
1074 2283 1268 2346 negotio
1296 2300 1383 2348 per
1407 2294 1554 2330 terras
1587 2300 1667 2331 ec-

256 2354 407 2402 clesiae
426 2359 713 2422 Moguntinae
739 2357 948 2422 aliasque
970 2359 1299 2420 intermedias,
1331 2361 1546 2425 primum
1577 2361 1666 2408 sibi

256 2441 301 2478 et
321 2434 416 2479 suis
438 2434 526 2481 iter
556 2435 695 2482 fuisse
716 2436 1031 2500 aperiturum,
1064 2453 1161 2505 quo
1185 2437 1247 2484 ad
1271 2446 1417 2485 terras
1442 2455 1591 2502 usque
1620 2449 1665 2486 et

257 2524 393 2573 agros
415 2514 776 2576 Argentinenses
797 2522 845 2559 et
867 2512 1049 2560 Alsatiae
1067 2513 1368 2577 pervenisset.

323 2589 645 2638 Destinaverat
677 2600 861 2651 autem,
889 2591 928 2636 si
960 2591 1049 2637 iter
1077 2589 1380 2653 hujusmodi,
1413 2593 1481 2638 uti
1511 2608 1665 2655 spera-

313 2763 352 2802 ¹.
381 2762 610 2801 Exuberat&
625 2761 718 2800 dans
736 2763 773 2800 le
791 2776 863 2801 ms.

313 2826 349 2860 2.
382 2824 560 2858 Factum
577 2821 671 2859 dans
690 2822 724 2859 le
744 2835 814 2859 ms.
