2054 3470
388 330 438 366 92
748 329 1090 367 HISTORIARUM
1116 329 1355 367 LUDOVICI
1383 328 1435 368 Xl

385 416 655 464 denotasset
678 411 993 478 criminibus,
1032 426 1266 480 quatenus
1300 416 1446 464 iidem
1480 418 1605 483 capti
1637 418 1793 468 eidem

386 495 481 558 negi
515 495 874 542 restituerentur
900 512 911 540 z
936 493 999 541 ad
1031 510 1194 559 quem,
1233 495 1268 541 si
1307 495 1423 559 quid
1461 494 1791 560 deliquissent,

385 587 485 616 non
503 570 566 617 ad
583 570 746 632 alium,
772 571 1028 618 criminum
1048 581 1191 635 atque
1213 570 1494 618 delictorum
1516 573 1727 635 cognitio
1748 584 1795 622 et

387 647 572 711 punitio
595 657 806 711 spectare
828 646 1073 694 deberent.

447 726 570 771 Cum
591 734 751 771 autem
775 724 870 772 illic
891 741 1056 772 coram
1075 724 1281 772 adstaret
1303 726 1404 791 ipse
1427 743 1588 774 comes
1609 736 1656 774 et
1678 744 1793 792 prae·

382 819 490 848 sens
517 819 613 849 suae
636 802 926 849 accusationi
953 802 1201 863 adfuisset,
1229 804 1426 868 supplex
1450 814 1634 869 patrem
1656 820 1794 868 roga·

382 878 448 925 vit
479 887 714 942 quatenus
742 878 832 924 sibi
863 878 1051 942 objecta
1073 878 1273 925 crimina
1298 880 1620 944 expurgandi,
1649 897 1794 945 seque

381 956 586 1020 legitime
605 956 894 1003 defendendi
916 956 1144 1003 tribueret
1163 957 1402 1004 licentiam
1426 968 1471 1005 et
1499 958 1786 1006 facultatem.

382 1035 488 1090 Qua
518 1034 560 1080 ei
590 1049 837 1094 concessa,
870 1033 996 1081 illico
1028 1032 1214 1096 objecta
1239 1032 1329 1079 sibi
1352 1034 1550 1082 crimina
1573 1045 1793 1100 potenter

381 1110 562 1158 diluere
578 1147 591 1172 ,
613 1110 837 1175 nullaque
862 1111 1025 1175 ipsius¹
1048 1110 1148 1157 fore
1177 1110 1427 1158 ostendere
1447 1112 1646 1159 curavit.
1664 1114 1791 1159 Con-

381 1187 609 1235 fessiones
638 1196 797 1235 tamen
830 1204 1022 1235 reorum
1036 1224 1049 1249 ,
1081 1186 1258 1233 honori
1290 1203 1491 1252 parcens
1521 1188 1667 1251 regis,
1702 1190 1789 1236 mi—

381 1265 510 1312 nime
547 1275 662 1312 tunc
701 1264 986 1330 publicavit;
1028 1264 1111 1311 sed
1153 1264 1413 1311 verborum
1450 1280 1530 1312 eas
1565 1265 1792 1330 obtegens

380 1342 680 1401 velamentis,
715 1341 833 1388 dixit
857 1358 929 1402 se,
962 1341 1026 1388 ob
1059 1341 1217 1406 aliqua
1244 1357 1349 1405 quae
1377 1340 1676 1390 admisissent
1701 1344 1792 1390 cri·

380 1419 530 1476 mina,
560 1419 610 1466 in
634 1429 760 1466 terra
789 1418 934 1483 patris
963 1419 1059 1479 sui,
1093 1418 1371 1477 Hollandia,
1406 1434 1488 1465 eos
1520 1418 1791 1484 apprehen·

379 1496 526 1555 disse,
552 1497 834 1560 vinctosque
858 1513 947 1560 pro
978 1495 1255 1560 hujusmodi
1282 1505 1467 1560 patrem
1494 1512 1635 1542 suum
1662 1496 1792 1560 ipsos

378 1583 555 1621 tenere.
593 1573 895 1621 Hollandiam
924 1583 1055 1620 extra
1078 1589 1277 1636 regnum
1304 1583 1350 1620 et
1378 1573 1499 1637 regis
1526 1588 1626 1620 esse
1651 1572 1792 1620 ditio-

379 1668 513 1711 nem,
546 1668 636 1699 nec
665 1667 823 1715 regem
854 1651 904 1698 in
937 1651 1015 1698 illa
1049 1660 1199 1710 terra,
1234 1667 1338 1715 quae
1362 1649 1424 1697 de
1455 1650 1660 1715 Imperio
1691 1660 1788 1711 est,

379 1727 529 1775 ullum
567 1727 746 1775 habere
784 1728 1055 1775 dominium
1092 1744 1174 1775 seu
1208 1727 1587 1790 jurisdictionem
1617 1745 1629 1773 z
1662 1727 1791 1775 unde

377 1822 563 1864 eorum,
590 1822 695 1869 quae
717 1805 813 1852 illic
832 1805 1151 1862 admisissent,
1178 1804 1238 1851 ad
1260 1813 1445 1868 patrem
1466 1818 1606 1849 suum
1628 1804 1790 1866 cogni-

378 1882 557 1929 tionem
580 1892 627 1929 et
643 1882 875 1945 justitiam
898 1881 1157 1946 pertinere3
1183 1896 1327 1944 quam
1350 1879 1547 1939 eisdem,
1573 1879 1674 1927 sine
1693 1880 1789 1927 ulla

376 1959 564 2022 injuria,
587 1958 848 2008 exhiberet.
872 1958 984 2021 Regi
996 1958 1193 2004 minime
1210 1957 1462 2003 molestum
1476 1973 1576 2004 esse
1591 1956 1784 2020 debere,

376 2035 414 2081 si
436 2035 537 2100 ipse
559 2037 745 2098 genitor
765 2052 878 2082 suus
893 2035 1002 2098 jura
1024 2050 1126 2094 sua,
1153 2034 1295 2083 etiam
1313 2043 1549 2080 terrarum
1573 2049 1784 2094 suatum,

375 2121 584 2159 servaret
610 2121 658 2159 et
684 2111 961 2158 custodiret.
989 2111 1168 2174 Adjecit
1191 2120 1352 2158 autem
1381 2127 1430 2157 se
1454 2109 1616 2158 mirari
1636 2111 1789 2175 pluri-

374 2205 509 2235 mum
526 2224 539 2246 ‚
581 2205 727 2252 quam
772 2188 837 2234 ob
874 2204 1067 2235 causam
1109 2188 1267 2252 ipsum
1311 2203 1393 2234 rex
1435 2186 1557 2234 adeo
1590 2204 1786 2235 exosum

375 2265 595 2325 haberet,
626 2275 673 2312 et
699 2265 984 2312 malevolum
1009 2281 1059 2311 se
1081 2265 1130 2311 in
1158 2281 1268 2311 eum
1291 2264 1544 2324 indicaret3
1574 2280 1786 2312 asserens

374 2344 638 2407 genitorem
659 2360 799 2390 suum
819 2343 893 2389 vel
915 2359 1028 2389 suos
1046 2342 1137 2389 tale
1154 2341 1320 2390 odium
1339 2352 1388 2389 et
1404 2341 1785 2390 malevolentiam

374 2437 623 2484 nunquam
642 2421 769 2485 apud
789 2437 949 2483 regem
968 2420 1109 2466 fuisse
1126 2420 1432 2484 promeritos,
1454 2418 1539 2466 sed
1554 2419 1784 2483 majestati

373 2513 468 2544 suae
480 2513 667 2561 semper
686 2495 888 2543 fideliter
904 2505 951 2542 et
968 2496 1152 2542 sincere
1170 2497 1344 2542 servire
1361 2494 1568 2542 voluisse
1582 2504 1630 2542 et
1641 2495 1784 2542 vvehe-

375 2583 559 2620 menter
594 2583 797 2638 optasse.
841 2576 896 2619 Et
930 2589 990 2619 ne
1025 2571 1405 2619 malevolentiam
1442 2581 1583 2635 atque
1617 2571 1783 2618 odium

374 2650 706 2714 hujuscemodi
733 2649 807 2696 vel
829 2649 1126 2713 confingere,
1153 2648 1228 2696 vel
1261 2647 1352 2694 levi
1380 2647 1611 2695 duntaxat
1631 2647 1781 2712 suspi-

430 2827 445 2861 1
459 2855 466 2863 .
499 2824 626 2862 Plutdt
640 2828 804 2875 penitus.
