2054 3470
747 363 896 400 LIBER
926 359 1196 399 SECUNDUS.
1601 358 1620 394 1
1628 358 1677 395 ’17

268 454 529 519 compleret
545 452 690 512 diem,
709 467 759 497 se
775 447 948 497 devehi
968 447 1094 495 fecit.
1116 449 1226 504 Quo
1246 445 1375 505 locO,
1396 444 1680 493 adveniente

199 558 202 564 ·
267 542 446 591 aestate,
477 531 647 598 plenus
674 528 862 577 dierum
890 544 947 574 ex
974 526 1066 574 hac
1093 523 1302 573 instabili
1329 523 1434 571 luce
1461 524 1679 588 migravit

266 610 329 657 ad
358 609 621 657 Dominum
631 610 659 667 ¹,
696 606 858 654 multis
886 604 1098 671 profecto
1130 603 1338 651 heroicis
1370 618 1427 650 ac
1461 601 1679 649 civilibus

267 685 516 735 virtutibus
533 684 707 745 clarus,
731 693 796 743 et,
816 699 903 730 suo
924 699 1045 742 aevo,
1069 697 1167 747 prae
1184 679 1362 727 caeteris
1384 678 1532 726 ferme
1555 679 1680 726 occi-

266 763 421 812 dentis
456 760 751 828 principibus
785 759 1104 821 felicissimus,
1130 767 1178 805 et
1199 757 1298 806 suis
1320 755 1680 805 amatissimus’.

711 1028 1052 1074 CAPITULUM
1091 1028 1215 1073 XIX.

255 1178 450 1225 Quomodo
468 1179 688 1214 Francorum
706 1188 769 1211 rex
789 1174 955 1212 comitem
976 1174 1022 1209 de
1040 1175 1198 1211 Warvich
1211 1173 1309 1222 apud
1334 1175 1596 1225 Rothomagum
1619 1190 1681 1213 ao-

303 1234 462 1277 cersivit3
481 1234 583 1280 cujus
606 1232 823 1278 interventu,
843 1243 909 1279 per
925 1231 1056 1278 legatos
1077 1243 1167 1277 quos
1189 1242 1306 1267 secum
1331 1231 1368 1266 in
1385 1233 1550 1281 Angliam
1568 1234 1674 1278 misit,

302 1288 416 1324 foedus
429 1300 511 1324 cum
528 1287 724 1335 Anglorum
738 1298 819 1333 rege
836 1285 938 1334 petiit
953 1297 1020 1320 nec
1035 1284 1201 1320 obtinuit.

318 1421 467 1468 Porro
490 1419 617 1479 licet,
636 1418 706 1466 uti
725 1417 948 1477 diximus,
968 1417 1125 1465 nullos
1150 1428 1266 1466 tunc
1288 1418 1484 1468 bellicos
1510 1433 1671 1471 motus

253 1500 549 1545 Francorum
571 1512 654 1542 rex
676 1495 930 1542 adversum
956 1495 1318 1558 Burgundiones
1341 1496 1556 1563 aliosque
1581 1499 1671 1547 sibi

253 1574 482 1622 adversos
506 1571 637 1638 [nisi]
664 1572 832 1620 frustra
857 1581 904 1618 et
929 1570 1236 1619 inefficaciter
1257 1573 1551 1636 intentasset‚
1570 1594 1671 1626 non

252 1661 413 1699 tamen
437 1649 635 1698 feriabat
657 1650 797 1714 quin,
825 1649 887 1696 ad
914 1664 998 1697 eos
1028 1649 1320 1713 subigendos
1348 1668 1495 1717 seque
1516 1655 1577 1703 de
1601 1658 1669 1704 eis

251 1727 596 1788 ulciscendum,
617 1727 775 1791 qualia
803 1737 964 1792 posset
988 1727 1203 1791 undique
1219 1731 1524 1793 conquireret
1540 1736 1670 1782 auxi-

246 1804 327 1866 lia,
342 1805 616 1869 jaceretque
634 1804 962 1852 fundamenta.
983 1808 1040 1851 Et
1056 1805 1185 1869 quia,
1211 1805 1273 1853 ad
1290 1808 1667 1871 aggrediendum

249 1882 530 1947 Burgundiae
568 1891 710 1946 atque
739 1882 991 1930 Britanniae
1017 1881 1165 1930 duces
1199 1900 1439 1949 suumque
1470 1904 1667 1950 germa—

246 1958 388 2019 num,
416 1959 677 2023 Anglorum
699 1968 853 2006 metus
874 1975 1008 2019 eum,
1034 1975 1096 2005 ne
1118 1959 1168 2005 id
1191 1958 1385 2021 faceret,
1407 1963 1666 2016 cohibebat

246 2037 597 2102 ancipitemque
620 2035 875 2098 reddebat,
899 2053 1068 2084 omnes
1084 2037 1263 2100 ingenii
1282 2040 1354 2085 sui
1375 2041 1502 2089 vires
1520 2054 1664 2093 artes-

246 2131 339 2190 que
369 2116 627 2176 contraxit,
659 2126 715 2163 ut
750 2132 910 2178 regem
946 2116 1207 2178 Anglorum
1241 2116 1540 2180 Edoardum,
1580 2126 1663 2188 qui

245 2199 348 2239 tum
369 2192 564 2258 pacifice
586 2209 736 2257 regno
756 2192 1048 2258 potiebatur,
1073 2192 1164 2240 sibi
1186 2193 1465 2244 foederando
1484 2208 1531 2245 et
1549 2216 1663 2249 con-

245 2257 450 2317 cilia⁰ndo
484 2271 533 2318 in
557 2270 815 2317 amicitiam
844 2269 1053 2317 traheret
1079 2270 1470 2339 abstraheretque
1491 2277 1552 2324 ab
1574 2280 1658 2327 ad-

242 2443 338 2483 aller
354 2443 404 2483 de
427 2445 624 2484 Bruxelles
648 2446 670 2483 a
693 2444 827 2492 Gand,
852 2444 1016 2497 puisque
1042 2444 1205 2485 Malines
1233 2447 1359 2486 aurait
1386 2450 1573 2492 necessit&
1601 2469 1654 2494 un

199 2560 203 2566 .
242 2502 379 2542 detour
396 2517 461 2543 sur
478 2505 517 2544 la
538 2505 701 2558 gauche,
721 2513 760 2543 et
776 2518 853 2556 que
870 2505 908 2544 le
926 2505 1038 2553 trajet
1058 2505 1182 2544 direct
1200 2519 1273 2558 par
1290 2521 1366 2547 eau
1384 2518 1442 2548 est
1460 2514 1563 2551 trace
1585 2528 1657 2567 par

242 2561 279 2600 le
304 2575 418 2601 cours
442 2563 490 2602 de
522 2564 561 2603 la
590 2567 738 2613 Senne,
765 2564 814 2602 de
833 2564 872 2602 la
902 2564 1025 2604 Nethe
1055 2574 1093 2604 et
1120 2565 1169 2604 de
1190 2564 1369 2607 l’Escaut.
1402 2572 1586 2611 L'auteur
1616 2587 1656 2612 se

241 2628 390 2673 trompe
405 2621 696 2674 probablement
712 2637 761 2662 en
778 2632 840 2662 cet
857 2623 1023 2671 endroit,
1044 2638 1193 2664 comme
1212 2625 1239 2664 il
1262 2635 1319 2665 est
1337 2629 1483 2668 certain
1500 2633 1593 2682 qu’il
1614 2647 1655 2672 se

241 2688 392 2732 trompe
411 2694 462 2720 au
490 2681 588 2730 sujet
608 2682 656 2720 de
679 2682 718 2721 la
735 2682 914 2722 demicte
942 2684 1054 2737 etape
1078 2685 1132 2724 du
1150 2684 1247 2738 duc,
1268 2686 1335 2738 qui
1355 2687 1414 2726 fut
1440 2691 1588 2744 Bruges
1614 2700 1652 2730 et

238 2752 318 2778 non
337 2753 406 2791 pas
423 2740 534 2781 Lille.

292 2802 332 2838 1.
362 2801 587 2849 Le15juin
608 2803 725 2840 1⁴67.

292 2860 332 2898 2.
363 2862 674 2911 Amantissimus‚
693 2860 788 2900 dans
806 2861 844 2900 le
863 2875 936 2902 ms.

448 2945 486 2972 11
1391 2940 1442 2975 12
