2054 3470
460 321 536 357 268
826 321 1168 360 HISTORIARUM
1195 325 1432 363 LUDOVICI
1456 326 1514 362 XI

458 426 566 456 rum
582 446 595 470 ‚
621 410 843 458 dicebant
860 410 1042 458 civibus
1060 420 1108 458 et
1122 411 1293 458 accolis
1312 412 1527 476 ejusdem
1546 414 1675 462 urbis
1690 432 1742 463 se
1752 414 1879 466 velle

458 487 741 550 Henricum,
769 505 928 552 regem
951 505 1117 549 suum,
1145 489 1391 536 extrahere
1414 490 1474 537 de
1495 493 1670 554 Turre,
1703 494 1752 539 in
1778 510 1875 557 qua

455 564 506 610 in
532 581 720 613 carcere
740 565 1034 627 servabatur,
1060 581 1214 630 eoque
1236 566 1411 614 educto
1435 577 1482 615 et
1501 585 1662 617 secum
1685 570 1867 631 habito,

454 640 581 689 illico
602 642 838 707 proficisci
855 643 915 690 ad
941 642 1278 690 debellandum
1301 643 1491 692 hostem
1514 662 1656 692 suum
1683 647 1872 696 Edoar-

455 717 572 765 dum
595 728 642 766 et
660 719 822 784 praelio
846 736 1007 766 secum
1029 719 1372 766 decertandum
1389 757 1401 780 ‚
1429 722 1511 784 qui
1534 723 1655 787 regis
1675 733 1722 770 et
1739 726 1871 788 regni

454 796 672 860 proditor
695 796 938 860 hostisque
959 795 1176 861 publicus
1199 797 1476 845 haberetur.

518 876 673 931 Quem
696 890 807 920 cum
830 890 1075 920 rumorem
1097 873 1322 921 audiisset
1342 875 1590 924 Edoardus
1607 893 1688 923 rex
1709 887 1756 924 et
1777 879 1873 943 ple·

452 949 586 997 bium
626 951 816 999 illarum
854 950 996 998 talem
1031 961 1199 998 contra
1234 968 1284 998 se
1321 953 1714 1002 insurrectionem
1728 991 1740 1015 ‚
1780 973 1870 1021 pro

452 1029 712 1076 munienda
733 1028 1142 1091 confortandaque
1157 1046 1240 1076 sua
1265 1029 1383 1077 urbe
1403 1031 1761 1080 Londoniarum
1774 1071 1787 1095 ,
1812 1051 1870 1082 ex

450 1105 638 1154 civitate
669 1108 1054 1166 Conventrense‚
1093 1107 1141 1152 in
1175 1123 1271 1171 qua
1303 1108 1631 1166 consistebat¹‚
1667 1110 1729 1158 ad
1764 1128 1869 1159 eam

450 1198 643 1230 suarum
676 1184 925 1249 copiarum
954 1194 1140 1250 partem
1175 1185 1464 1244 transmisit,
1497 1203 1598 1233 x1v.
1626 1188 1865 1250 maii<die3

449 1261 532 1324 qui
562 1261 704 1308 etiam
735 1261 886 1309 biduo
911 1271 1044 1327 post,
1080 1278 1176 1309 xvl.
1208 1262 1427 1310 videlicet
1456 1263 1669 1326 ejusdem
1697 1266 1870 1313 mensis

450 1338 528 1385 die
546 1376 557 1398 ,
584 1349 693 1404 post
714 1356 797 1387 eos
811 1376 823 1400 ,
848 1356 1012 1387 versus
1033 1339 1250 1386 eamdem
1275 1340 1445 1387 urbem
1469 1341 1684 1405 trajicere
1705 1344 1866 1408 coepit.

515 1419 664 1464 Porro
683 1434 793 1465 cum
813 1417 1069 1464 audiissent
1087 1417 1364 1481 hujusmodi
1383 1418 1594 1466 seditiosi
1610 1430 1657 1466 et
1673 1420 1870 1469 rebelles

447 1505 616 1542 contra
657 1512 707 1542 se
747 1495 1004 1543 adventare
1049 1495 1327 1543 Edoardum
1342 1532 1354 1554 ‚
1401 1513 1503 1543 xm.
1546 1507 1594 1543 et
1641 1515 1741 1546 x1v.
1793 1498 1870 1547 die

447 1571 661 1635 ejusdem
694 1573 892 1632 mensis,
925 1573 1046 1636 regis
1074 1588 1316 1619 accessum
1345 1573 1604 1637 praevenire
1633 1575 1792 1622 conati
1823 1584 1870 1622 et

446 1658 556 1696 ante
584 1650 684 1713 ejus
709 1649 967 1697 adventum
991 1649 1109 1697 urbe
1129 1650 1299 1715 potiri,
1326 1666 1563 1714 suumque
1582 1651 1864 1711 Henricum,

445 1743 472 1773 e
506 1743 693 1774 carcere
722 1727 978 1787 eductum,
1004 1727 1204 1788 habere,
1238 1743 1412 1790 magno
1436 1728 1608 1774 annisu
1639 1729 1867 1777 insultum

445 1804 506 1850 ad
530 1805 747 1852 eamdem
768 1804 938 1852 urb'em
962 1804 1219 1865 dederunt3
1238 1804 1471 1851 machinis
1487 1814 1629 1868 atque
1643 1805 1761 1866 telis,
1778 1823 1866 1853 cae-

444 1884 651 1947 terisque
670 1884 840 1947 jaculis
865 1893 912 1930 et
934 1884 1101 1944 armis,
1130 1899 1235 1929 eam
1256 1898 1528 1947 expugnare
1552 1891 1598 1929 et
1616 1883 1663 1929 vi
1683 1883 1865 1946 ingredi

443 1961 600 2008 adorti
621 1971 758 2021 sunt,
787 1971 1146 2026 posueruntque
1170 1959 1390 2006 incendia
1411 1960 1459 2005 in
1479 1959 1724 2006 nonnullis
1749 1960 1865 2008 aedi-

442 2037 532 2085 bus
549 2038 685 2085 dietae
708 2039 828 2085 arcis
856 2038 954 2085 sive
973 2038 1140 2084 Turris
1155 2074 1167 2098 ‚
1195 2046 1241 2083 et
1263 2037 1313 2083 in
1336 2036 1524 2084 duabus
1544 2053 1602 2084 ex
1625 2037 1776 2102 portis
1797 2038 1864 2084 ci-

441 2116 638 2163 vitatis’.
678 2116 770 2162 Sed
807 2114 1181 2179 repugnantibus
1210 2124 1353 2177 atque
1387 2113 1582 2161 viriliter
1607 2115 1866 2162 resistenti-

440 2190 530 2238 bus
549 2192 773 2239 adversus
800 2192 1006 2255 impetus
1034 2191 1215 2238 civibus
1243 2190 1397 2249 urbis,
1430 2207 1541 2236 cum
1572 2190 1772 2237 domino
1804 2190 1863 2239 de

441 2269 619 2315 Reviris
638 2278 685 2316 et
702 2268 915 2332 quodam
935 2269 1149 2326 comite³,
1172 2277 1314 2332 atque
1333 2268 1512 2315 caeteris
1533 2268 1615 2332 qui
1638 2267 1734 2315 illic
1752 2268 1863 2316 ade-

439 2357 547 2394 rant
569 2363 626 2393 ex
649 2346 956 2394 servitoribus
988 2345 1196 2393 Edoardi
1221 2346 1368 2408 regis,
1399 2345 1561 2392 civitas
1585 2361 1686 2392 non
1711 2345 1860 2392 modo

439 2423 632 2472 defensa
660 2425 768 2485 fuit,
796 2423 880 2471 sed
903 2433 949 2471 et
971 2424 1089 2488 ipsi,
1113 2424 1195 2487 qui
1221 2423 1347 2470 intus
1368 2432 1530 2483 erant,
1556 2439 1612 2469 ex
1641 2421 1762 2469 urbe
1786 2423 1861 2470 in-

491 2584 510 2620 1
522 2613 531 2622 .
563 2579 819 2621 consistebant
834 2579 928 2618 dans
948 2579 984 2617 le
1002 2592 1072 2617 ms.

491 2643 530 2680 2.
565 2657 584 2675 α
598 2643 645 2678 Et
659 2640 798 2679 mirent
814 2640 850 2678 le
866 2640 929 2678 feu
944 2652 993 2678 en
1007 2639 1179 2678 diverses
1193 2638 1362 2685 maisons
1377 2651 1444 2676 sur
1454 2637 1492 2676 le
1504 2645 1600 2690 pont
1617 2637 1667 2678 de
1680 2637 1856 2678 Londres

438 2708 476 2739 et
495 2713 543 2738 en
563 2700 665 2739 deux
683 2707 812 2738 autres
831 2707 973 2751 portes.
999 2715 1018 2734 a>
1047 2698 1218 2737 Relation
1240 2697 1443 2748 francaise.

493 2763 530 2799 3.
574 2778 590 2794 α
618 2763 691 2799 Les
714 2759 811 2797 bons
830 2767 973 2797 comtes
998 2761 1123 2807 Dei-cy
1150 2764 1188 2795 et
1211 2755 1260 2794 de
1278 2756 1434 2794 Riviere
1469 2755 1653 2803 (Thomas
1678 2756 1859 2813 Stanleyq
1877 2773 1885 2778 „

434 2829 560 2859 comte
575 2820 623 2859 de
638 2819 787 2871 Derby,
798 2827 835 2857 et
846 2819 1015 2858 Antoi'ne
1033 2817 1081 2856 de
1100 2816 1293 2867 Wydvile,
1309 2815 1396 2854 lord
1414 2816 1578 2855 nivers).
1598 2833 1616 2849 ι»
1628 2816 1711 2858 Rel.
1731 2817 1851 2866 franc.
