2054 3470
825 334 970 372 mmm
1001 332 1243 381 QUARTUS.
1662 332 1732 369 301

335 433 653 482 aestimaretur,
681 423 743 470 ad
766 422 998 470 tuendum
1027 430 1185 469 tamen
1219 419 1336 467 fines
1357 437 1469 467 suos
1490 421 1601 467 satis
1621 431 1739 468 stre-

336 518 430 549 nue
451 518 500 548 se
521 509 736 565 gesserat,
772 498 1013 546 nonnullis
1033 497 1343 545 nihilominus
1362 497 1597 544 foederatis
1627 497 1740 562 ipsis

337 577 725 642 Burgundionum
752 584 799 623 et
829 575 1078 622 Britanniae
1107 573 1309 621 ducibus
1339 573 1617 621 calamitatis
1647 589 1742 620 ma-

338 671 440 720 gnae
461 655 762 703 occasionem
784 653 1058 700 attulerunt.

401 735 567 779 Fuerat
585 746 745 778 comes
771 730 1020 777 Arminiaci
1036 766 1048 789 ‚
1071 738 1178 794 post
1207 728 1393 775 obitum
1418 726 1565 775 felicis
1586 743 1743 774 recor-

335 805 539 853 dationis
574 805 709 853 ducis
741 804 1025 869 Aquitaniae,
1052 804 1224 851 iterum
1254 819 1339 869 per
1369 819 1528 866 regem
1564 802 1742 865 majore

336 896 392 927 ex
412 889 544 944 parte
562 880 696 926 terris
713 889 855 943 atque
874 878 1098 925 dominiis
1120 879 1215 925 suis
1237 877 1465 941 spoliatus
1486 886 1533 924 et
1551 876 1738 941 pulsus;

334 955 395 1003 ad
422 957 556 1020 cujus
587 967 757 1015 terras,
783 972 893 1003 cum
921 955 1139 1003 facultate
1164 954 1433 1020 paciscendi
1463 963 1510 1001 et
1543 970 1744 1019 compo-

333 1032 481 1079 nendi
513 1049 624 1080 cum
653 1049 711 1080 eo
738 1033 895 1097 (quod
918 1033 1018 1097 ipse
1057 1048 1246 1096 rogasse
1270 1040 1317 1078 et
1345 1031 1591 1096 expetiisse
1614 1030 1743 1078 dice-

333 1107 524 1174 batur),
553 1126 634 1157 rex
658 1110 848 1158 miserat
870 1109 1122 1157 dominum
1154 1109 1214 1157 de
1239 1109 1529 1168 Bello—Joco‚
1564 1108 1743 1155 dictum

333 1183 473 1246 vulgo
497 1193 544 1230 et
566 1194 894 1250 nuncupatum
925 1183 1176 1231 dominum
1199 1183 1259 1231 de
1290 1183 1524 1248 Beaujea,
1553 1182 1744 1230 fratrem

334 1259 468 1308 ducis
489 1259 734 1323 Borbonii,
761 1278 872 1309 cum
896 1261 997 1308 aliis
1018 1260 1303 1325 quibusdam
1322 1260 1382 1308 de
1402 1260 1630 1308 Consilio.
1651 1259 1745 1317 Qui

334 1353 444 1383 cum
484 1338 546 1384 ad
583 1339 819 1386 civitatem
851 1340 1211 1385 Lectorensem¹
1250 1338 1598 1402 pervenissent,
1640 1353 1764 1400 quae-

331 1412 449 1475 juris
473 1412 622 1460 fuerat
652 1414 866 1477 ejusdem
901 1414 1108 1474 comitis,
1138 1412 1221 1460 sed
1246 1429 1274 1459 a
1307 1429 1415 1476 rege
1444 1423 1675 1477 occupata
1699 1422 1746 1459 et

334 1506 573 1554 possessa,
613 1500 684 1549 et,
727 1500 940 1538 tenentes
973 1491 1229 1555 practicam
1262 1499 1309 1536 et
1352 1489 1498 1537 verba
1546 1506 1746 1555 compo-

335 1567 484 1614 nendi
510 1578 557 1615 et
583 1567 864 1632 pacificandi
894 1585 1004 1615 cum
1028 1569 1130 1632 ipso
1158 1568 1333 1614 comite
1351 1603 1363 1627 ‚
1394 1568 1627 1614 incautius
1659 1568 1747 1614 mi-

336 1661 520 1708 nusque
563 1646 762 1693 solerter
810 1656 951 1709 atque
987 1645 1235 1709 vigilanter
1281 1644 1495 1708 ejusdem
1543 1644 1746 1691 civitatis

333 1722 562 1770 custodiae
594 1722 897 1770 intenderent
912 1725 942 1783 ²,
974 1723 1171 1786 contigit
1207 1732 1259 1768 ut
1287 1721 1415 1768 idem
1452 1737 1612 1768 comes
1639 1731 1746 1768 astu

334 1799 545 1863 quodam
564 1809 610 1846 et
640 1800 956 1859 vaframento,
990 1809 1118 1846 certa
1148 1798 1400 1846 satellitum
1434 1814 1578 1844 manu
1602 1798 1744 1863 stipa-

334 1884 436 1934 tus,
465 1875 682 1922 eamdem
716 1876 880 1923 urbem
906 1893 1040 1923 suam
1070 1875 1410 1938 ingrederetur.
1449 1878 1605 1932 Quam
1634 1890 1744 1920 cum

334 1951 570 2015 ingressus
601 1962 647 1999 et
679 1969 763 2012 ea,
801 1952 984 2000 civibus
1022 1952 1115 1999 suis
1150 1953 1345 2000 minime
1376 1949 1742 2010 reluctantibus,

335 2029 512 2093 potitus
548 2029 730 2087 fuisset,
767 2031 924 2095 ipsum
956 2030 1209 2077 dominum
1248 2030 1308 2077 de
1336 2029 1604 2076 Bello-Ioco
1635 2045 1744 2075 cum

335 2106 435 2153 aliis
457 2107 594 2169 regiis
617 2109 950 2155 commissariis
982 2125 1093 2155 suos
1116 2108 1329 2173 captivos
1362 2106 1472 2154 fecit
1498 2117 1544 2154 et
1572 2109 1620 2154 in
1647 2123 1746 2154 car-

336 2200 489 2230 cerem
513 2185 664 2231 trusit.

400 2260 542 2318 Quod
577 2277 687 2307 cum
717 2262 778 2308 ad
800 2263 921 2325 regis
946 2263 1182 2327 perlatum
1214 2263 1300 2309 fuit
1322 2262 1538 2309 notitiam
1555 2298 1567 2322 ‚
1590 2261 1747 2308 statim

336 2347 443 2402 post
478 2337 711 2399 Pascha³‚
737 2355 933 2402 magnas
970 2356 1167 2386 suorum
1201 2340 1415 2403 equitum
1451 2350 1496 2386 et
1527 2338 1743 2404 peditum

389 2471 406 2505 1
419 2498 428 2507 .
457 2471 658 2516 Lectoure‚
680 2468 927 2516 aujourd’hui
947 2468 1041 2507 dans
1061 2470 1097 2507 le
1118 2469 1382 2521 departement
1399 2471 1453 2508 du
1472 2471 1585 2508 Gers.

389 2527 429 2565 2.
458 2528 618 2577 D'apres
644 2540 719 2565 une
745 2527 945 2566 remissiori
971 2527 1024 2566 du
1055 2529 1192 2566 Tresor
1224 2528 1291 2567 des
1318 2529 1474 2568 Chartes
1506 2532 1608 2579 (reg.
1645 2528 1745 2571 205,

338 2597 377 2635 p.
401 2586 497 2632 181)
513 2616 524 2634 ‚
553 2594 656 2625 toute
679 2587 716 2625 la
735 2587 836 2625 faute
861 2588 917 2625 fut
938 2589 960 2625 a
982 2590 1144 2638 Jacques
1170 2587 1218 2625 de
1238 2591 1480 2640 Loumagne,
1503 2588 1684 2638 seigneur
1699 2585 1747 2622 de

338 2645 584 2694 Montagnac‚
603 2644 812 2694 chevalier,
834 2646 921 2696 qui,
946 2647 1050 2684 etant
1066 2647 1207 2699 charge
1229 2647 1277 2685 de
1297 2648 1334 2686 la
1355 2647 1473 2699 garde
1496 2646 1545 2684 de
1562 2646 1599 2683 la
1630 2644 1720 2682 ville
1734 2674 1744 2692 ‚

338 2709 404 2739 eut
422 2702 696 2753 l'imprudence
713 2705 760 2743 de
775 2708 856 2744 s’en
873 2719 1030 2758 reposer
1048 2720 1115 2745 sur
1130 2706 1212 2745 l’un
1231 2707 1280 2745 de
1299 2719 1358 2745 ses
1373 2706 1547 2744 hommes
1566 2704 1743 2742 d'armes.

394 2763 431 2800 3.
465 2763 608 2800 Erreur
632 2762 681 2801 de
700 2763 799 2802 date.
821 2768 875 2803 Le
902 2766 960 2803 roi
984 2779 1135 2816 envoya
1158 2778 1230 2804 son
1253 2765 1382 2804 armee
1408 2772 1540 2803 contre
1563 2763 1600 2800 le
1624 2769 1748 2800 comte

340 2818 592 2870 d'Armagnac
612 2833 659 2858 au
682 2822 776 2859 mois
791 2822 838 2860 de
858 2823 1061 2861 decembre
1080 2826 1199 2862 1472.
