2054 3470
743 318 888 355 Lmen
915 318 1183 359 SECUNDUS.
1393 366 1395 369 ¹
1596 321 1674 358 185

710 519 1049 566 CAPITULUM
1094 520 1217 566 XXI.

258 657 452 705 Quomodo
467 655 594 692 milites
610 670 653 692 ex
666 655 881 701 Britonibus,
898 669 962 705 per
979 670 1098 705 regem
1114 657 1222 694 locati
1238 657 1286 694 ad
1305 657 1499 694 custodiam
1516 657 1676 706 oppido-

306 724 386 748 rum
409 709 584 746 inferioris
602 710 832 746 Normanniae
843 738 852 755 ,
869 710 1144 747 interverterunt
1159 712 1413 760 possessionem
1434 711 1675 760 oppidorum,

304 779 345 802 ea
365 765 484 800 fratris
511 764 565 799 sui
585 762 730 799 nomine
744 773 862 799 tenere
878 777 915 799 se
931 764 1086 802 dicentes
1104 779 1112 802 ε
1131 774 1166 801 et
1186 764 1232 800 de
1246 777 1370 800 eorum
1383 766 1609 814 expulsione;
1627 774 1679 801 at-

304 832 372 868 que
393 818 438 854 de
455 818 586 854 foedere
608 830 775 867 percusso
797 817 894 866 apud
920 819 1096 855 Peronam
1121 820 1213 856 inter
1234 831 1352 867 regem
1377 827 1410 854 et
1435 818 1564 855 ducem
1582 819 1676 854 Bur-

302 872 456 923 gandia.

319 999 440 1045 Cum
469 997 626 1057 enim,
662 1006 716 1044 ut
744 1013 886 1061 supra
917 1014 947 1046 a
978 997 1121 1046 nobis
1151 997 1354 1046 relatum
1388 997 1590 1057 exstitit,
1628 997 1677 1044 in

257 1073 644 1122 reconciliatione
672 1073 793 1122 facta
818 1073 952 1121 ducis
981 1075 1230 1124 Britanniae
1257 1090 1371 1123 cum
1402 1090 1534 1137 rege,
1566 1090 1678 1138 per-

254 1151 457 1198 misisset
474 1167 556 1198 rex
576 1150 824 1197 Britonum
843 1152 1134 1200 munitiones
1151 1162 1199 1199 et
1218 1152 1436 1217 praesidia
1455 1150 1675 1210 Cadomi,

254 1229 442 1293 Bajocis
465 1238 512 1276 et
528 1229 578 1275 in
600 1228 816 1294 plurimis
843 1228 946 1276 aliis
967 1229 1082 1277 locis
1113 1239 1256 1294 atque
1280 1229 1472 1295 oppidis
1493 1238 1542 1276 et
1562 1229 1677 1275 civi-

254 1306 431 1354 tatibus
479 1306 718 1353 inferioris
767 1308 1071 1355 Normanniae
1118 1323 1366 1355 remanere
1387 1342 1400 1366 ‚
1450 1316 1498 1354 et
1543 1306 1678 1371 quod

254 1400 343 1431 suo
385 1383 583 1430 nomine
616 1383 837 1431 locorum
868 1383 1202 1447 hujuscemodi
1245 1384 1482 1431 haberent
1517 1394 1679 1431 custo-

255 1460 382 1520 dias,
408 1470 695 1525 procurante
717 1471 862 1524 atque
882 1462 1207 1509 instimulante
1226 1461 1399 1510 Carolo
1413 1498 1426 1521 ,
1449 1477 1678 1524 germano

256 1538 400 1602 regis,
422 1537 546 1584 duce
567 1539 891 1598 Normanniae,
920 1555 1064 1603 quem
1091 1540 1342 1586 Britanniae
1366 1538 1463 1586 dux
1486 1537 1681 1586 fovebat

255 1605 399 1679 atque
416 1613 705 1679 procurabat
724 1615 774 1662 in
794 1631 878 1662 sua
895 1625 1021 1664 terra
1045 1616 1118 1679 (ut
1138 1615 1384 1678 diximus),
1403 1615 1680 1663 interverte-

255 1700 368 1737 runt
389 1691 741 1755 possessionem
770 1692 1006 1756 capitanei
1029 1702 1076 1739 et
1098 1691 1271 1739 milites
1293 1692 1545 1739 Britonum
1568 1692 1676 1755 qui,

254 1769 453 1816 nomine
476 1770 616 1832 regis,
639 1786 728 1834 pro
750 1770 977 1834 praesidiis
996 1780 1042 1817 et
1064 1769 1416 1817 munitionibus
1434 1769 1675 1828 locorum,

254 1863 340 1911 per
378 1846 653 1894 inferiorem
680 1849 1027 1896 Normanniam
1061 1848 1213 1896 relicti
1246 1849 1457 1908 fuerant;
1489 1858 1538 1896 et
1560 1864 1679 1913 prae-

251 1923 334 1972 fati
356 1925 660 1972 Normanniae
681 1924 816 1973 ducis
840 1926 1061 1985 nomine,
1095 1942 1153 1974 ea
1182 1925 1429 1991 possidere
1459 1935 1604 1990 atque
1628 1942 1679 1973 se

254 2010 416 2049 tenere
437 2001 678 2049 dixerunt.

318 2081 426 2138 Qua
460 2081 670 2127 novitate
706 2079 924 2129 turbatus
958 2097 1040 2129 rex
1074 2091 1122 2128 et
1156 2082 1207 2128 in
1242 2097 1468 2146 magnam
1500 2081 1679 2130 excitus

254 2155 374 2203 iram
392 2155 619 2204 adversus
639 2158 891 2204 Britanniae
909 2157 1103 2218 ducem,
1128 2159 1358 2206 maximas
1377 2159 1523 2206 totius
1543 2159 1679 2222 regni

253 2233 416 2298 copias
454 2235 751 2298 aggregavit,
793 2252 911 2300 quas
954 2252 1040 2301 per
1079 2245 1228 2284 totam
1266 2239 1674 2295 Cenommniam,

256 2311 555 2359 Normanniae
575 2321 720 2376 atque
741 2313 992 2360 Britanniae
1012 2315 1378 2375 conterminam,
1402 2314 1676 2375 effundens,

255 2383 400 2449 longo
434 2397 650 2453 tempore
687 2406 774 2454 per
816 2389 1052 2437 hiemem¹
1086 2393 1409 2440 Cenomannis
1443 2393 1675 2439 constitit.

254 2463 362 2519 Qua
402 2464 629 2528 durante,
666 2467 746 2515 illa
780 2468 948 2532 ingens
992 2479 1291 2518 armatorum
1325 2487 1498 2518 manus
1530 2480 1680 2519 terras

256 2538 356 2587 illas
391 2558 477 2607 per
515 2543 731 2592 milliaria
767 2544 917 2594 ferme
963 2547 1158 2611 viginti¹
1192 2548 1565 2613 circumquaque
1613 2548 1679 2596 ita

312 2697 351 2734 1.
381 2694 539 2736 L'hiver
556 2697 604 2736 de
621 2701 724 2738 1467
749 2701 772 2737 a
795 2701 915 2742 1468.

296 2755 350 2792 ·2.
382 2756 574 2792 Milliaria
603 2764 660 2794 est
686 2758 865 2809 employe
882 2758 933 2797 ici
950 2772 1102 2799 comme
1120 2773 1335 2812 synonyme
1361 2760 1409 2798 de
1431 2763 1552 2798 leuca.
1578 2775 1595 2792 «
1621 2760 1679 2795 En

259 2825 323 2850 ces
347 2812 586 2852 eun-efaictes
615 2815 673 2852 fut
701 2816 908 2868 pourparle
935 2817 984 2855 de
1011 2818 1153 2857 trefves
1181 2821 1296 2867 (avec
1317 2819 1374 2856 les
1400 2820 1586 2865 Bretons)
1613 2817 1681 2867 qui
