2054 3470
425 288 475 325 ³6
782 287 1122 327 HISTORIARUM
1147 289 1383 328 LUDOVICI
1409 290 1467 328 XI

427 371 800 420 firmissimarum
831 410 842 431 ‚
887 373 1105 422 videlicet
1152 376 1271 423 arcis
1314 376 1480 441 oppidi
1525 363 1795 442 Pel-piniani
1814 415 1829 438 ,

426 449 543 496 arcis
576 448 636 496 de
670 442 997 497 Coeo-libero¹
1030 460 1077 497 et
1110 451 1229 498 arcis
1261 469 1366 516 quae
1400 452 1718 516 Bellagardia⁸
1749 470 1834 519 ap-

426 526 643 591 pellatur.

429 643 441 648 ..
491 608 592 651 Hoc
619 604 757 667 igitur
779 604 927 651 modo
953 621 1064 651 curn
1099 606 1223 652 inter
1253 623 1303 654 se
1331 606 1507 654 foedera
1538 616 1586 654 et
1619 606 1834 670 ligantias

424 698 585 745 reges,
629 681 773 744 longo
810 691 920 728 ante
958 698 1059 728 aevo
1095 682 1303 730 invicem
1335 683 1542 741 inimici,
1580 684 1832 744 fecissent,

425 759 735 824 percipientes
773 758 867 805 hoc
910 760 1279 808 Barcinonenses
1322 762 1573 825 caeterique
1616 762 1699 826 qui
1738 763 1837 826 regi

425 836 623 884 rebelles
659 835 970 896 exsistebant,
1011 837 1118 884 totis
1150 838 1329 886 viribus
1363 838 1636 901 satagebant
1659 840 1837 905 oppida

425 925 472 961 et
502 930 632 960 arces
651 949 663 972 ,
700 930 817 977 quas
843 913 1001 961 adhuc
1022 931 1137 962 suus
1159 916 1352 963 tenebat
1382 933 1464 963 rex
1486 918 1535 963 in
1560 916 1834 979 Catalonia',

425 1006 680 1055 occupare.
716 992 772 1035 Et
794 1006 906 1036 cum
928 1001 1052 1038 esset
1076 993 1237 1055 regina
1265 993 1315 1039 in
1340 993 1527 1041 civitate
1550 995 1840 1042 Gerunden-

426 1068 550 1115 sium
592 1067 886 1131 superiore³,
935 1066 1029 1115 filia
1075 1068 1233 1116 Alabri
1273 1069 1333 1117 de
1374 1070 1541 1130 Lina‘,
1586 1071 1841 1119 ammiralis

427 1145 676 1209 quondam
697 1145 831 1207 regui
854 1144 1080 1206 Castellae,
1100 1163 1245 1210 quam
1269 1163 1457 1193 exosam
1475 1157 1618 1212 atque
1637 1149 1840 1196 invisam

429 1222 660 1269 Catalanis
690 1222 996 1268 vehementer
1029 1223 1245 1270 interitus
1281 1223 1468 1285 Caroli,
1504 1225 1708 1289 privigni
1738 1225 1837 1285 sui,

431 1300 491 1348 de
509 1317 607 1365 quo
623 1316 767 1364 supra
783 1300 1045 1361 retulimus,
1065 1301 1300 1360 effecerat,
1323 1318 1429 1348 eam
1445 1302 1494 1348 in
1510 1302 1638 1350 dicta
1657 1302 1842 1350 civitate

430 1376 657 1424 Gerunda
677 1377 788 1423 totis
808 1377 990 1424 viribus
1009 1378 1260 1425 obsidione
1280 1377 1528 1442 urgebant.
1555 1381 1592 1425 E
1615 1395 1711 1443 qua
1732 1396 1843 1426 cum

430 1469 536 1501 eam
563 1454 746 1519 eripere
767 1463 812 1501 et
833 1453 1035 1502 liberare
1056 1456 1127 1501 vir
1149 1472 1261 1502 suus
1282 1455 1479 1502 minime
1503 1464 1679 1520 posset,
1701 1458 1846 1503 Fran-

431 1548 600 1579 corum
618 1545 622 1548 *
639 1532 896 1578 exercitum
923 1569 935 1593 ,
984 1542 1035 1579 ut
1075 1533 1360 1580 acceleraret
1392 1533 1568 1581 intrare
1609 1534 1811 1599 patriam
1828 1571 1841 1594 ‚

431 1626 721 1674 magnopere
738 1610 989 1657 sollicitare
1009 1611 1208 1669 curavit,
1234 1611 1424 1658 tradens
1448 1627 1578 1658 arces
1599 1617 1692 1658 tres
1713 1621 1846 1659 ante-

432 1686 580 1734 dictas
603 1687 651 1732 in
677 1686 899 1734 manibus
911 1688 1268 1752 capitaneorum
1286 1703 1407 1751 quos
1422 1687 1541 1734 inibi
1554 1690 1844 1735 Francorum

434 1764 531 1826 regi
551 1763 729 1828 placuit
748 1763 1021 1828 deputare³.

487 1897 525 1933 1.
556 1893 769 1939 Collioure,
798 1892 1045 1942 aujourd'hui
1066 1892 1161 1931 dans
1184 1892 1219 1931 le
1244 1891 1508 1943 departement
1534 1891 1602 1930 des
1630 1892 1845 1943 Pyrenees-

433 1953 661 2002 Orientales,
686 1953 1010 1990 arrondissement
1030 1951 1078 1990 de
1098 1952 1226 1990 Ceret.
1885 1944 1888 1947 ’

487 2015 526 2050 2.
558 2011 796 2062 Bellegarde,
815 2011 916 2050 aussi
935 2011 1030 2049 dans
1044 2010 1395 2048 l’arrondissement
1411 2009 1459 2048 de
1472 2010 1595 2049 Ceret.
1611 2010 1644 2048 Il
1663 2013 1761 2049 n’est
1780 2023 1848 2062 pas

434 2071 608 2123 question
627 2070 674 2108 de
699 2071 921 2124 Bellegarde
944 2071 1038 2108 dans
1062 2071 1118 2108 les
1146 2070 1249 2108 deux
1275 2069 1528 2121 exemplaires
1556 2069 1610 2108 du
1638 2070 1748 2108 traite
1771 2070 1847 2108 im-

435 2131 578 2183 primes
595 2143 666 2181 par
682 2130 842 2182 Lenglet
858 2130 1078 2180 Dufresnoy
1096 2132 1333 2178 (commines,
1352 2138 1380 2167 t.
1402 2131 1461 2177 11,
1483 2143 1521 2179 p.
1544 2131 1636 2178 360)
1658 2144 1667 2165 2
1689 2128 1850 2168 l'exem-

434 2191 556 2243 plaire
586 2189 634 2228 de
666 2190 782 2228 Louis
804 2192 893 2237 XI,·
909 2189 1036 2227 donne
1053 2191 1075 2226 a
1097 2191 1278 2239 Bayonne
1300 2188 1336 2226 le
1359 2190 1405 2225 21
1437 2188 1514 2226 mai
1532 2190 1636 2226 1462
1650 2218 1660 2235 ‚
1687 2197 1726 2227 et
1749 2187 1849 2226 celui

436 2250 489 2288 du
507 2249 565 2287 roi
584 2248 799 2300 d’Aragon,
821 2248 907 2287 date
927 2248 974 2286 de
993 2249 1197 2299 Saragosse
1216 2247 1319 2285 deux
1332 2247 1442 2295 jours
1465 2247 1550 2299 plus
1569 2247 1668 2285 tard.

493 2311 530 2347 3.
561 2310 665 2346 Dans
686 2310 720 2345 la
742 2307 834 2346 ville
852 2308 967 2346 haute
989 2321 1041 2345 ou
1059 2307 1221 2345 chateau
1242 2307 1291 2345 de
1310 2307 1467 2345 Girone.

491 2371 530 2407 4.
561 2369 640 2416 Sic,
659 2380 709 2405 au
728 2367 809 2405 lieu
827 2366 874 2404 de
895 2369 1023 2403 Alvari
1040 2369 1087 2403 de
1102 2371 1229 2413 Luna,
1248 2379 1292 2404 ce
1310 2366 1378 2417 qui
1395 2374 1466 2413 est,
1487 2364 1583 2404 dans
1600 2373 1686 2404 tous
1702 2365 1757 2404 les
1769 2378 1846 2413 cas,

439 2442 514 2468 une
532 2441 679 2466 erreur
703 2429 758 2464 La
777 2427 915 2464 femme
935 2425 987 2463 du
1007 2426 1063 2463 roi
1087 2425 1163 2463 don
1179 2428 1199 2463 J
1205 2438 1279 2463 uan
1295 2425 1385 2464 etait
1405 2425 1482 2463 fille
1500 2423 1548 2462 de
1569 2424 1784 2463 l’amirante
1803 2423 1852 2462 de

437 2487 605 2535 Castille,
627 2486 705 2524 don
720 2485 910 2535 Fadiique
927 2485 1159 2536 Heuriquez.

493 2546 681 2593 5.Voici,
710 2545 746 2583 d’
751 2559 863 2597 apres
888 2559 940 2583 un
964 2544 1159 2583 brouillon
1184 2544 1235 2582 du
1266 2551 1411 2594 temps,
1438 2543 1624 2581 conserve
1651 2542 1792 2595 parmi.
1799 2542 1853 2581 les

439 2607 602 2659 papiers
603 2600 651 2644 de
663 2605 887 2657 Gaignieres
900 2605 997 2654 (vol.
1019 2606 1093 2643 378
1107 2617 1184 2642 aux
1202 2616 1291 2643 mss.
1312 2603 1360 2641 de
1378 2604 1414 2641 la
1427 2603 1526 2643 Bibl.
1548 2603 1644 2654 imp.
1655 2605 1684 2651 ),
1701 2603 1738 2641 la
1749 2615 1854 2640 com·

441 2666 606 2718 position
629 2665 677 2703 de
701 2664 724 2702 l'
729 2678 858 2702 armee
876 2676 1050 2715 envoyee
1069 2676 1118 2700 en
1142 2662 1384 2714 Catalogne:
1407 2675 1502 2700 onze
1517 2670 1605 2700 cent
1626 2662 1686 2700 six
1701 2662 1850 2708 lances,

441 2725 534 2763 dont
555 2725 610 2763 les
638 2717 837 2772 Ecossais,
870 2736 959 2761 sous
981 2723 1017 2761 le
1045 2720 1378 2759 commandement
1398 2720 1446 2759 de
1476 2723 1570 2759 MM.
1599 2722 1637 2760 le
1661 2728 1786 2759 comte
1805 2720 1853 2758 de

443 2785 660 2836 Boulogne;
686 2783 734 2822 de
752 2787 804 2822 La
825 2783 969 2831 Barde;
995 2781 1168 2821 Geoffroi
1197 2781 1245 2820 de
1266 2781 1389 2820 Saint-
1391 2781 1519 2830 Belin,
1546 2781 1583 2820 le
1608 2779 1784 2820 senechal
1804 2779 1853 2818 de
