2054 3470
357 294 406 328 78
717 293 1056 330 HISTORIARUM
1086 294 1321 348 LUDOVICI
1348 295 1403 331 XI

354 396 462 426 rum
490 380 690 445 praelatis
719 383 990 446 caeterisque
1022 381 1406 448 quibuscumque
1439 384 1763 439 ecclesiasticis

292 488 295 490 -
354 458 568 521 personis
590 466 638 504 et
660 458 851 522 piorum
884 459 1346 507 administratoribus
1378 461 1625 509 titulorum
1653 479 1764 528 pro-

353 535 595 591 venerint,
640 535 862 599 quotiens
895 553 923 583 a
959 536 1154 584 diversis
1194 537 1488 585 saecularium
1527 539 1765 588 officiariis

354 622 496 675 atque
544 613 770 660 ministris
813 615 969 661 vexati
1011 615 1387 680 exactionatique
1423 616 1619 679 fuerint,
1659 634 1762 665 non

354 690 486 737 facile
503 690 596 737 dici
614 701 795 755 posset3
815 692 881 738 ita
898 700 952 738 ut
970 692 1184 756 profecto
1202 693 1309 757 pius
1324 710 1424 754 rex,
1444 695 1542 741 imo
1559 696 1764 744 maxime

354 777 519 814 auctor
545 768 798 832 impietatis
827 778 874 814 et
903 769 1153 832 sacrilegii,
1188 771 1372 834 egregia
1395 788 1481 835 per
1505 771 1600 819 hoc
1624 773 1765 820 anni-

354 845 580 906 versaria,
616 862 705 910 pro
736 845 1063 911 redemptione
1090 858 1396 913 peccatorum
1426 867 1645 910 suorum,
1678 867 1765 915 per

355 938 523 970 omnes
541 924 675 987 regni
695 924 767 970 sui
790 923 1027 983 ecclesias,
1054 926 1259 990 plurima
1282 927 1568 988 fundaverit,
1593 928 1764 976 talibus

355 999 520 1047 dotata
542 1010 589 1047 et
608 1000 1010 1048 subnixa-edictis.

421 1078 577 1126 Edixit
599 1088 759 1126 autem
786 1089 832 1126 et
853 1080 982 1127 aliud
1005 1081 1163 1128 statim
1184 1083 1234 1129 in
1259 1084 1334 1130 sui
1359 1085 1566 1132 novitate
1592 1085 1766 1133 adven-

357 1165 448 1203 tus.
475 1159 831 1204 Consueverant
851 1158 979 1205 enim
1001 1175 1088 1223 per
1108 1169 1263 1207 totum
1288 1178 1488 1225 regnum
1511 1162 1695 1210 nobiles
1718 1174 1765 1211 et

356 1235 678 1282 ecclesiasticae
709 1244 854 1299 atque
890 1236 1034 1283 etiam
1067 1236 1168 1284 aliae
1198 1238 1441 1285 nonnullae
1464 1239 1766 1304 privilegiatae

358 1328 595 1377 personae,
633 1313 765 1374 vina,
803 1329 908 1376 quae
939 1313 999 1360 de
1035 1315 1238 1379 propriis
1271 1332 1440 1363 eorum
1474 1317 1660 1382 praediis
1690 1316 1766 1364 vel

356 1388 553 1436 decimis
576 1389 901 1453 provenirent,
924 1389 1077 1437 facere
1100 1390 1346 1438 ducellari¹
1368 1392 1549 1457 absque
1570 1393 1767 1456 aliquus

356 1468 592 1514 solutione
609 1467 845 1530 vectigalis
862 1484 943 1514 seu
961 1467 1146 1527 t'ributi5
1171 1479 1218 1516 et
1235 1486 1377 1534 super
1393 1469 1489 1517 hoc
1504 1471 1768 1518 constitutae

356 1554 491 1591 erant
511 1544 721 1609 plurium
746 1544 1047 1591 ecclesiarum
1067 1562 1122 1592 ac
1143 1547 1543 1602 monasteriorum
1564 1547 1701 1595 dotes
1721 1555 1769 1594 et

357 1626 632 1670 revenutae².
659 1626 793 1670 Hanc
818 1632 977 1670 autem
1000 1623 1260 1672 nobilitatis
1278 1635 1323 1672 et
1346 1626 1563 1673 omnium
1578 1625 1767 1690 privile-

358 1701 591 1762 giatarum
628 1717 943 1765 personarum
981 1700 1246 1750 libertatem
1285 1704 1383 1751 sive
1418 1704 1766 1751 immunitatem

359 1795 456 1824 uno
481 1779 687 1841 generali
714 1779 901 1826 sustulit
922 1788 1066 1843 atque
1094 1779 1305 1826 inhibuit
1330 1780 1524 1828 edicto³.
1556 1783 1673 1837 Quae
1696 1789 1766 1828 ta-

358 1871 469 1901 men
488 1866 615 1903 retro
632 1856 930 1922 temporibus
951 1858 1234 1904 inconcusse
1252 1873 1338 1921 per
1358 1873 1559 1920 regnum
1580 1872 1769 1920 semper

358 1931 510 1979 fuerat
553 1932 827 1994 observata;
872 1933 953 1980 sed
993 1943 1135 1980 tantae
1175 1934 1260 1980 iste
1303 1934 1523 1998 princeps
1563 1934 1767 1981 avaritiae

358 2018 500 2072 atque
534 2010 826 2074 rapacitatis,
865 2019 946 2056 aut
979 2009 1143 2056 alienae
1174 2009 1400 2057 libertatis
1431 2010 1550 2057 adeo
1580 2010 1768 2058 invidus

360 2102 461 2133 esse
498 2086 772 2146 videbatur,
809 2086 966 2150 quod,
1006 2096 1059 2133 ut
1099 2103 1183 2134 sua
1222 2087 1475 2151 adaugeret
1510 2087 1768 2135 commoda

359 2164 548 2228 suisque
566 2164 963 2229 concupiscentiis
982 2164 1215 2228 potiretur
1235 2165 1295 2228 (si
1316 2175 1473 2212 tamen
1493 2174 1620 2212 recte
1639 2182 1769 2212 com-

360 2240 505 2287 moda
524 2240 618 2287 dici
636 2250 718 2287 aut
738 2240 920 2287 censeri
943 2240 1142 2305 possint,
1169 2257 1273 2305 quae
1294 2241 1385 2288 nisi
1409 2258 1519 2288 cum
1540 2241 1769 2306 plurimo-

360 2334 466 2365 rum
484 2317 668 2381 jactura
691 2327 832 2381 atque
854 2317 1027 2381 injuria
1042 2318 1239 2365 minime
1253 2320 1504 2383 provenire
1526 2318 1763 2384 possunt),

360 2396 523 2442 omnia
546 2395 708 2442 divina
734 2405 781 2442 et
806 2395 1017 2443 humana
1036 2396 1144 2459 jura
1167 2397 1461 2445 confundere
1488 2407 1631 2463 atque
1654 2413 1768 2462 per-

361 2483 567 2534 vertere,
594 2473 740 2520 veluti
764 2489 852 2538 pro
876 2473 1051 2532 nihilo,
1077 2473 1295 2521 ducebat.

417 2625 455 2661 1.
484 2624 536 2661 Ge
558 2630 640 2660 mot
653 2651 663 2670 ,
689 2621 756 2672 qui
776 2624 875 2660 n‘est
897 2635 966 2673 pas
985 2621 1079 2660 dans
1104 2625 1169 2660 Du
1185 2624 1333 2676 Cange,
1352 2630 1410 2661 est
1427 2622 1557 2675 repete
1577 2625 1599 2663 a
1617 2623 1655 2663 la
1672 2636 1770 2676 page

362 2681 550 2721 suivante.
570 2680 670 2720 C’est
689 2694 743 2720 un
761 2681 1010 2731 frequentatis
1023 2681 1072 2720 de
1090 2683 1237 2720 ducere.

417 2743 455 2785 2.
487 2744 622 2780 Terme
645 2741 694 2780 de
715 2740 891 2792 pratique
911 2740 1020 2794 forge
1039 2755 1105 2780 sur
1122 2742 1159 2780 le
1177 2741 1341 2794 francais
1360 2756 1529 2783 revenue.

418 2804 455 2841 3.
485 2804 553 2841 Cet
575 2801 652 2838 edit
672 2803 768 2838 n’est
787 2813 854 2852 pas
875 2800 969 2838 dans
987 2801 1023 2838 le
1042 2801 1197 2840 Recueil
1219 2801 1286 2840 des
1307 2801 1592 2841 Ordonnances.
