2054 3470
738 331 884 367 LIBER
920 326 1138 369 TERTIUS.
1570 333 1646 370 285

237 420 613 485 insurrexisset¹,
643 418 786 464 etiam
810 418 911 482 ipse
935 417 1096 465 denuo
1116 434 1144 466 a
1166 435 1275 481 rege
1302 419 1646 483 indulgentiam

238 506 286 543 et
306 497 492 544 veniam
523 494 720 559 accepit.
748 493 842 541 Sed
866 511 978 541 cum
1006 495 1132 560 ipse,
1159 497 1242 560 qui
1265 495 1516 542 sceleratus
1546 508 1646 544 erat

239 583 286 620 et
303 573 535 638 pessimus
555 570 786 632 moribus,
812 571 962 619 elatus
981 573 1184 620 nimium
1205 583 1343 632 esset,
1363 589 1646 637 semperque

240 651 379 698 novis
398 649 539 696 rebus
560 649 762 696 inhiaret
790 659 932 713 atque
959 650 1250 710 intenderet,
1280 667 1502 715 magnam
1526 667 1646 698 sem-

238 743 324 792 per
347 738 394 774 et
425 726 695 792 expeditam
727 727 943 774 militiam
975 737 1134 774 tenere
1155 737 1203 775 et
1223 727 1398 775 habere
1423 727 1646 792 cupiebat

237 815 284 852 et
316 804 378 852 de
409 804 534 852 facto
578 804 805 852 habebat.
839 807 994 862 Quam
1030 822 1142 852 cum
1178 822 1235 852 ex
1270 807 1405 853 terris
1440 805 1646 870 propriis

240 883 435 931 minime
458 883 583 931 alere
612 893 794 948 posset,
821 900 906 930 seu
938 884 1000 930 ad
1030 883 1265 949 stipendia
1292 885 1518 941 retinere,
1545 900 1644 930 non

237 960 386 1008 modo
415 960 633 1008 subditos
659 971 888 1008 terrarum
920 977 1114 1008 suarum
1141 962 1341 1026 rapinis,
1367 961 1573 1008 caedibus
1600 970 1646 1007 et

237 1039 376 1085 variis
399 1039 678 1102 injuriarum
706 1038 862 1086 modis
890 1039 1213 1104 opprimebat,
1243 1056 1410 1087 verum
1435 1040 1575 1086 etiam
1600 1049 1646 1086 et

237 1125 381 1163 terras
410 1117 554 1179 regis,
587 1117 682 1164 suis
718 1117 918 1177 vicinas,
946 1117 1320 1182 circumquaque
1355 1116 1567 1165 vastabat
1599 1125 1646 1163 et

235 1192 514 1258 populabat.

303 1273 502 1335 Propter
534 1288 639 1335 quae
670 1272 1031 1336 provincialium
1065 1271 1291 1336 querelis,
1327 1282 1424 1320 tam
1457 1273 1517 1320 de
1550 1273 1646 1320 suis

240 1363 385 1411 quam
414 1348 648 1412 regalibus
681 1348 925 1404 dominiis,
961 1350 1141 1397 excitus
1170 1366 1274 1408 rex,
1317 1366 1428 1397 cum
1467 1350 1646 1398 nedum

235 1424 446 1488 ingratus
468 1426 721 1489 gratiarum
744 1424 834 1472 sibi
858 1425 1106 1484 saetarum,
1126 1426 1212 1474 sed
1228 1437 1276 1474 et
1297 1427 1440 1474 etiam
1459 1428 1647 1492 penitus

236 1501 570 1566 incorrigibilis
591 1512 861 1567 appareret,
883 1503 1028 1550 misso
1050 1504 1259 1551 exercitu
1286 1514 1454 1551 contra
1481 1521 1594 1552 eum
1611 1507 1642 1564 ²,

236 1578 406 1626 iterato
429 1595 563 1635 eum,
587 1580 721 1627 terris
752 1580 848 1627 suis
874 1589 920 1626 et
947 1579 1173 1627 dominiis
1194 1590 1391 1628 exutum
1422 1591 1470 1628 et
1492 1581 1646 1629 nuda-

237 1666 356 1716 tum,
381 1658 648 1722 profligavit
664 1668 710 1704 et
727 1657 787 1705 ad
804 1673 995 1704 saxosos
1013 1674 1109 1704 suae
1123 1657 1256 1705 vallis
1272 1660 1406 1705 Aurae
1424 1659 1647 1724 scopulos

235 1733 394 1798 sugere
423 1735 686 1800 compuliff.
704 1738 756 1781 In
779 1734 955 1799 quibus
976 1752 1087 1782 cum
1112 1735 1248 1782 annis
1269 1735 1453 1800 aliquot
1474 1737 1646 1784 iterum

235 1811 366 1858 exsul
388 1821 530 1876 atque
553 1812 780 1877 profugus
812 1812 1046 1873 latuisset,
1076 1812 1267 1860 tandem
1288 1829 1316 1859 a
1337 1812 1536 1861 domino
1557 1816 1647 1862 Ca-

235 1888 340 1936 rolo
364 1889 486 1937 duce
504 1890 762 1954 Aquitaniae
774 1926 786 1950 ,
812 1890 1103 1940 desciscente
1118 1907 1145 1937 a
1162 1907 1269 1954 rege
1292 1907 1518 1953 germano
1537 1909 1642 1951 suo,

235 1975 282 2012 et
302 1967 489 2014 noviter
517 1967 777 2015 instaurato
805 1967 980 2014 foedere
1006 1967 1401 2030 Burgundionum
1426 1967 1536 2015 duci
1559 1969 1645 2017 ad-

237 2041 467 2105 glutinato
491 2055 631 2108 atque
650 2045 907 2103 resociato‚
933 2061 991 2091 ex
1014 2043 1104 2090 illis
1128 2044 1249 2091 saxis
1275 2054 1322 2091 et
1343 2043 1551 2092 latibulis
1584 2045 1645 2093 ad

234 2121 387 2184 prisca
409 2121 622 2169 dominia
643 2121 908 2185 domosque
924 2111 1145 2185 paternas
1167 2130 1214 2168 et
1235 2121 1383 2168 avitas
1405 2123 1646 2170 restitutus

238 2206 285 2243 et
314 2200 550 2263 repositus
582 2199 685 2245 fuit.
726 2198 793 2245 Ad
834 2215 993 2261 regem
1031 2198 1160 2245 enim
1193 2198 1442 2246 inimicum
1479 2216 1646 2262 gerens

237 2276 475 2335 animum,
503 2275 727 2323 omnibus
748 2275 984 2339 satagebat
1013 2285 1063 2322 ut
1087 2277 1134 2322 in
1160 2285 1316 2340 partes
1344 2292 1478 2336 suaS,
1502 2294 1646 2341 quos-

236 2369 441 2418 cumque
496 2363 653 2418 posset
674 2390 686 2414 ,
735 2352 973 2416 principes
1012 2351 1218 2399 alliceret
1275 2353 1644 2417 conciliaretque

236 2428 459 2477 adversus
480 2447 655 2494 regem.
684 2429 887 2476 Dolebat
914 2429 1043 2476 enim
1078 2446 1128 2476 se
1150 2429 1211 2476 ab
1245 2446 1303 2476 eo
1339 2431 1479 2478 fuisse
1513 2435 1642 2478 Nor—

238 2508 428 2556 mannia
445 2508 714 2574 depulsum,
734 2524 879 2572 quam
896 2524 952 2554 ex
974 2516 1170 2572 paterna
1201 2506 1511 2573 dispositione
1543 2510 1644 2574 pri-

291 2649 328 2685 1.
358 2649 453 2684 Lors
472 2646 520 2685 de
539 2647 575 2685 la
596 2659 735 2699 guerre
752 2645 806 2684 du
823 2645 917 2684 Bien
941 2644 1083 2697 public.

290 2708 329 2744 2.
360 2707 418 2743 En
437 2708 553 2744 1469.
1267 2728 1269 2730 ·

291 2767 329 2803 3.
361 2765 420 2802 On
445 2778 468 2802 a
485 2764 572 2812 deja
592 2765 794 2815 remarque
819 2763 1040 2814 (ci-dessus‚
1065 2777 1104 2815 p.
1128 2765 1220 2811 280,
1241 2773 1331 2802 note
1349 2767 1396 2812 4)
1415 2777 1490 2814 que
1508 2766 1598 2801 c’est
1620 2765 1642 2802 a

238 2823 465 2864 Fontarabie
481 2836 556 2874 que
576 2823 611 2861 le
628 2832 752 2860 comte
768 2823 1023 2874 d'Armagnac
1042 2823 1195 2863 s’enfuit
1216 2824 1251 2861 la
1271 2823 1436 2861 seconde
1458 2822 1541 2861 fois.
