2054 3470
773 356 919 392 LIBER
946 353 1215 393 SECUNDUS.
1627 353 1703 390 169

295 444 488 509 longam
520 442 962 509 pervestigationem
1000 439 1219 486 fecissent
1247 477 1260 500 ‚
1319 439 1619 501 retulerunt,
1659 449 1707 487 et

296 521 465 570 similia
482 518 739 585 aliquando
756 517 877 565 facta
901 517 1056 576 fnisse,
1078 526 1125 563 et
1143 516 1190 563 id
1209 517 1317 580 jure
1339 527 1481 581 atque
1498 515 1706 580 legitime

295 614 437 665 posse
458 597 578 644 fieri.

362 677 477 733 Quae
507 689 619 721 cum
645 673 708 719 ita
736 671 931 738 praefato
959 670 1127 717 illustri
1161 671 1327 718 comiti
1359 669 1557 717 fuissent
1580 686 1707 716 nun-

295 752 428 812 tiata,
448 760 496 798 et
515 766 602 815 per
623 749 891 814 frequentes
922 765 1034 796 eum
1058 747 1281 813 epistolas
1304 756 1352 795 et
1382 747 1578 794 nuntios
1603 783 1616 805 ‚
1655 755 1708 792 ut

295 827 358 876 ad
375 827 426 874 id
445 827 736 883 intenderet,
761 843 862 874 non
885 827 1123 873 omitteret
1145 823 1275 890 [rex]
1305 823 1576 885 sollicitare,
1602 822 1707 871 dul-

296 905 480 952 cissima
518 920 704 971 semper
735 914 783 952 et
816 905 961 951 totius
993 902 1336 950 benevolentiae
1371 901 1539 968 plena,
1579 901 1708 948 filiali

294 998 406 1031 eum
449 982 765 1047 appellatione
808 982 1129 1048 compellans,
1169 981 1343 1029 talibus
1395 981 1590 1028 allectus
1628 989 1675 1027 et
1690 1016 1703 1040 ‚

294 1059 553 1108 reluctante
579 1060 688 1107 licet
717 1059 1078 1124 quodammodo
1114 1060 1277 1106 animo
1295 1095 1306 1114 ‚
1342 1067 1631 1123 provocatus
1662 1067 1710 1104 et

295 1154 568 1204 persuasus,
605 1139 666 1186 ad
688 1138 967 1203 hujusmodi
991 1137 1246 1185 initiendas
1266 1128 1324 1184 'et
1357 1134 1711 1183 contrahendas

296 1217 485 1282 nuptias
506 1216 742 1265 solemnes
762 1216 966 1280 legatos,
994 1215 1169 1262 idonea
1198 1214 1417 1262 suffultos
1442 1221 1675 1278 potestate
1692 1248 1704 1272 ‚

296 1293 360 1341 ad
380 1309 540 1357 regem
563 1293 831 1352 destinavit,
852 1294 976 1340 circa
999 1291 1116 1340 illud
1135 1302 1324 1356 tempus
1341 1307 1438 1356 quo
1457 1291 1519 1338 ad
1535 1291 1710 1337 Dinan-

298 1378 401 1417 tum
418 1371 790 1436 expugnandum
811 1371 1008 1418 transire
1031 1368 1310 1434 adparabat.

741 1589 1077 1635 CAPITULUM
1119 1588 1262 1632 XVII.

331 1726 386 1759 De
400 1723 517 1760 reditu
533 1733 567 1759 et
581 1724 807 1772 expeditione
818 1724 1067 1773 praedictorum
1083 1725 1278 1772 legatorum
1296 1732 1329 1758 et
1342 1722 1487 1758 Dinanti
1502 1721 1642 1757 excidio
1655 1723 1665 1741 ¹
1675 1749 1682 1754 .

366 1845 422 1889 Et
441 1842 561 1890 nihil
574 1844 736 1908 utique
749 1843 1019 1907 ambigebat
1043 1843 1153 1906 (nec
1177 1842 1310 1890 aliud
1333 1842 1431 1889 ullo
1452 1850 1595 1907 pacto
1618 1857 1715 1887 sus·

299 1919 447 1984 picari
475 1929 663 1985 poterat
694 1920 824 1967 idem
852 1935 1030 1980 comes,
1063 1920 1254 1967 attentis
1283 1935 1372 1984 pro
1400 1934 1456 1966 ea
1488 1934 1540 1964 re
1567 1926 1639 1964 tot
1670 1927 1715 1964 et

300 1996 473 2044 totiens
487 2014 573 2062 per
588 2014 749 2061 regem
762 1996 1224 2045 commonitionibus
1237 2007 1283 2043 et
1299 1993 1716 2043 adhortationibus

301 2075 569 2138 repetitis),
594 2076 713 2139 quin
737 2075 859 2138 jam’
879 2074 940 2121 ad
964 2071 1373 2139 complementum
1395 2082 1440 2120 et
1464 2071 1715 2137 perfectio-

301 2142 413 2200 nem
459 2169 533 2200 res
573 2154 676 2217 ipsa
721 2153 918 2218 perduci
963 2152 1143 2216 absque
1181 2151 1462 2198 difficultate
1499 2149 1711 2197 deberet.

303 2228 418 2276 Sed²
441 2220 552 2278 cum
575 2231 707 2278 ducti
729 2231 800 2277 sui
827 2230 968 2294 legati
991 2229 1052 2277 ad
1075 2229 1236 2276 locum
1264 2229 1346 2276 ubi
1370 2245 1452 2276 rex
1477 2237 1579 2275 tum
1603 2244 1711 2291 age-

305 2377 405 2417 pour
422 2366 550 2405 savoir
569 2366 601 2405 si
622 2379 675 2404 un
693 2378 763 2419 roy
783 2365 831 2404 de
849 2368 995 2404 France
1015 2366 1176 2417 pouvoit
1198 2365 1348 2404 donner
1367 2378 1416 2404 en
1437 2364 1609 2416 mariage
1633 2365 1653 2402 a
1676 2377 1717 2402 sa

306 2423 383 2462 fille
400 2425 572 2464 lesdictes
590 2426 721 2464 conteis
740 2434 777 2464 et
795 2425 851 2463 les
869 2433 971 2463 oster
991 2427 1012 2463 a
1031 2425 1068 2463 la
1087 2438 1298 2463 couronne.
1326 2443 1342 2459 »
1367 2428 1611 2472 (Me'moires,
1631 2424 1659 2462 l.
1681 2427 1714 2469 Ι,

306 2481 368 2520 ch.
388 2486 524 2532 xxxV.)
550 2487 707 2524 Comme
728 2485 896 2522 Thomas
919 2484 1034 2522 Basin
1055 2497 1078 2521 a
1101 2484 1196 2522 ecrit
1222 2485 1345 2522 moins
1364 2485 1583 2536 longtemps
1605 2484 1717 2534 apres

307 2539 363 2578 les
390 2541 632 2581 evenements
658 2551 697 2581 et
722 2542 814 2593 qu’il
840 2542 932 2580 etait
961 2544 983 2580 a
1009 2542 1047 2580 la
1071 2556 1167 2581 cour
1192 2544 1241 2582 de
1264 2547 1495 2597 Bourgogne
1525 2556 1574 2582 en
1595 2543 1715 2590 1466,

308 2611 378 2636 son
405 2599 644 2653 temoignage
668 2602 765 2639 offre
786 2601 874 2652 plus
901 2601 949 2639 de
973 2602 1164 2654 garanties
1187 2603 1456 2648 d'exaufflude,
1482 2611 1566 2640 tout
1583 2602 1716 2652 singu-

309 2660 380 2699 lier
394 2661 487 2712 qu’il
506 2671 562 2700 est
582 2666 698 2713 qu’on
720 2663 794 2702 soit
814 2663 887 2701 alle
907 2664 938 2701 si
963 2663 1047 2701 tard
1068 2678 1145 2703 aux
1165 2665 1506 2718 renseignements.

363 2722 401 2758 1.
428 2720 605 2772 Chapitre
624 2721 754 2772 publie
773 2722 867 2759 dans
886 2721 1160 2772 l'Amplissima
1172 2727 1359 2772 collectio,
1384 2732 1410 2763 t.
1432 2726 1502 2770 1v‘‚
1523 2721 1598 2760 col.
1622 2722 1713 2759 749.

364 2782 405 2820 2.
439 2782 622 2828 Quoniam
641 2781 734 2819 dans
756 2782 792 2820 le
812 2796 882 2820 ms.

369 2842 404 2878 3.
435 2842 477 2877 Si
495 2838 589 2877 dans
609 2839 646 2877 le
664 2839 736 2877 ms.
