2054 3470
789 334 935 371 LIBER
962 333 1162 371 PRIMUS.
1658 335 1689 370 5ἱ

269 425 369 489 jam
391 423 563 472 debere
582 421 732 469 vereri
762 428 844 467 aut
879 418 1160 479 formidare,
1197 419 1354 466 statim
1380 418 1611 483 quidnam
1636 421 1682 468 in

274 505 375 567 ejus
395 511 531 550 antea
552 499 713 546 animo
729 496 952 556 latuisset,
972 496 1126 560 palam
1146 495 1300 544 facere
1320 507 1365 544 et
1387 497 1686 545 manifestare

274 580 432 645 coepit.
474 580 590 624 Nam
626 574 687 623 ad
723 573 959 639 quosdam
992 572 1195 620 militum
1235 572 1409 633 duces,
1450 574 1531 638 qui
1565 575 1685 639 patri

274 656 511 705 chariores
542 653 816 701 exstiterant
846 651 1038 715 suisque
1071 650 1280 697 consiliis
1308 666 1364 697 ac
1398 650 1686 698 familiarita-

275 718 401 781 tibus
434 730 630 796 propius
673 728 952 788 adsuerant,
988 729 1155 790 iugens
1188 727 1385 788 odium,
1424 728 1555 792 quod
1597 728 1686 775 sub

274 819 462 876 pectore
483 808 615 873 prius
639 816 835 861 texerat,
859 804 1036 852 habere
1058 804 1307 865 indicavit3
1331 814 1378 852 et
1399 822 1508 852 cum
1531 805 1686 854 officia

261 887 320 946 in
361 902 506 948 regno
536 884 715 931 nobilia
749 883 1047 946 militumque
1084 882 1349 947 magisteria
1383 882 1688 948 quamplures

273 961 361 1010 sub
387 971 519 1027 patre
544 961 842 1022 habuissent,
877 959 1150 1024 habereque
1184 960 1360 1006 meritis
1393 976 1552 1007 rerum
1584 977 1609 1008 a
1637 977 1687 1008 se

272 1048 460 1086 strenue
487 1054 542 1086 ac
570 1036 820 1100 magnifice
849 1054 938 1102 pro
969 1053 1077 1100 rege
1108 1045 1155 1084 et
1185 1053 1332 1100 regno
1356 1046 1589 1100 gestarum
1615 1053 1688 1085 ra·

273 1114 561 1163 tiouabiliter
598 1114 904 1174 debuissent,
947 1130 1113 1160 omues
1151 1130 1284 1179 paene
1327 1113 1424 1160 suis
1467 1112 1689 1179 spoliavit

274 1191 440 1240 officiis
460 1202 602 1256 atque
627 1191 912 1239 honoribuS.
946 1190 1212 1238 Nonnullos
1234 1207 1348 1238 vero
1371 1191 1453 1256 qui
1481 1190 1540 1238 ad
1575 1207 1687 1238 eum

273 1269 573 1317 salutandum
590 1268 1029 1333 honorandumque
1049 1267 1387 1326 adventarant,
1413 1285 1510 1315 non
1538 1268 1686 1316 modo

274 1347 434 1394 videre
458 1347 715 1404 recusavit,
755 1346 838 1393 sed
865 1345 940 1393 vel
965 1345 1339 1411 comprehensos
1366 1346 1414 1392 in
1448 1362 1687 1394 carcerem

274 1427 422 1488 misit,
450 1427 523 1473 vel
547 1425 608 1473 ad
630 1424 1140 1490 comprehendendum
1171 1424 1405 1489 deputans
1434 1424 1655 1472 satellites
1672 1461 1683 1482 ,

275 1504 433 1567 fugam
451 1503 657 1567 arripere
680 1503 834 1564 coegit
855 1511 901 1549 et
924 1501 1143 1549 latebras.

339 1583 543 1628 Fuerant
561 1580 688 1645 apud
711 1590 895 1646 patrem
920 1595 1094 1643 magno
1115 1578 1305 1626 honore
1327 1578 1477 1626 habiti
1502 1579 1687 1627 domini

277 1660 440 1704 Petrus
464 1656 523 1704 de
546 1658 706 1704 Brezi¹
744 1666 790 1704 et
823 1656 1057 1703 Antonius
1089 1656 1150 1703 de
1180 1655 1484 1716 Chabannes,
1524 1673 1687 1705 comes

275 1734 335 1781 de
368 1736 707 1798 Dampmartin
736 1750 886 1799 prope
919 1734 1118 1781 Parisios
1131 1735 1161 1794 ¹,
1202 1733 1348 1781 duces
1377 1734 1580 1781 militum
1619 1734 1687 1783 fa-

274 1813 395 1860 mosi
428 1822 475 1859 et
506 1829 713 1876 quorum
742 1812 790 1858 in
822 1812 963 1858 variis
991 1811 1160 1877 praeliis
1182 1811 1436 1859 adversum
1468 1811 1687 1875 Anglicos

273 1899 516 1954 comperta
540 1890 719 1954 optime
741 1899 788 1935 et
810 1888 1013 1954 probata
1040 1889 1228 1936 fuerant
1260 1890 1409 1936 virtus
1442 1899 1582 1954 atque
1615 1891 1686 1937 in-

273 1966 469 2014 dustria.
508 1967 642 2013 Prior
671 1975 829 2013 autem
865 1966 1005 2013 etiam
1039 1975 1137 2013 erat
1168 1965 1454 2013 senescallus
1487 1982 1687 2031 magnus

274 2046 590 2091 Normanniae.
619 2043 677 2090 Hi
699 2043 797 2090 duo
823 2043 964 2090 minis
996 2042 1139 2106 hujus
1167 2043 1282 2090 novi
1315 2044 1435 2107 regis
1464 2054 1510 2091 et
1539 2043 1686 2092 male-

275 2121 482 2169 volentia
503 2137 647 2185 quam
677 2137 726 2167 se
749 2121 810 2168 ad
834 2121 1028 2168 eosdem
1051 2120 1228 2168 habere
1257 2121 1412 2186 palam
1447 2122 1683 2181 ostendit,

277 2198 394 2246 adeo
413 2199 603 2245 fuerunt
616 2197 844 2259 deterriti,
863 2208 912 2245 ut
927 2199 1103 2263 sugam,
1126 2198 1187 2246 ad
1204 2198 1526 2263 effugiendum
1542 2200 1689 2264 ipsius

277 2275 616 2338 indignationis
649 2276 903 2334 saevitiam,
949 2276 1157 2341 arripere
1195 2285 1306 2322 sunt
1343 2277 1594 2342 compulsi.
1633 2280 1690 2324 Et

278 2352 417 2399 alter⁸
447 2352 640 2417 quidem
678 2353 820 2401 etiam
845 2352 987 2417 ‘regni
1020 2353 1140 2400 fines
1171 2354 1394 2412 excessit3
1433 2354 1550 2402 alter
1575 2371 1688 2401 vero

278 2429 327 2475 in
353 2430 659 2491 Normannia,
677 2431 724 2477 in
748 2431 883 2494 cujus
905 2429 1315 2478 administratione
1335 2431 1691 2497 quamplurium

334 2575 372 2610 1.
402 2572 533 2612 Pierre
554 2573 603 2612 de
626 2574 758 2622 Breze,
779 2574 959 2626 seigneur
978 2574 1026 2613 de
1044 2575 1079 2613 la
1099 2578 1292 2623 Varmme,
1312 2589 1359 2615 en
1379 2577 1520 2625 Anjou.

334 2633 372 2670 2.
407 2650 424 2666 α
443 2634 607 2672 Antoine
626 2633 674 2672 de
690 2633 932 2684 Chabannes,
947 2643 1071 2673 comte
1087 2635 1135 2673 de
1152 2636 1407 2684 Dammartin,
1423 2637 1512 2688 pres
1525 2636 1651 2682 Paris;
1671 2654 1689 2671 ι

282 2703 325 2729 ce
343 2691 408 2741 qui
429 2704 478 2730 ne
496 2701 586 2731 veut
607 2706 675 2744 pas
702 2695 785 2732 dire
813 2708 888 2745 que
916 2708 960 2733 ce
990 2695 1170 2747 seigneur
1197 2696 1252 2734 ait
1281 2705 1494 2748 appartenu
1525 2709 1595 2748 par
1622 2709 1692 2734 son

283 2750 429 2801 origine
448 2752 470 2788 a
487 2751 524 2789 la
542 2751 716 2791 noblesse
736 2753 784 2792 de
808 2755 909 2793 l’lle-
917 2754 1149 2794 de-France.
1175 2756 1207 2793 Il
1232 2756 1323 2794 etait
1340 2755 1394 2794 du
1412 2755 1691 2795 Bourbonnais.

343 2812 379 2848 3.
412 2810 576 2849 Antoine
596 2811 644 2850 de
661 2812 900 2852 Chabanues.
