2054 3470
742 341 890 378 LIBER
915 339 1115 377 PRIMUS.
1587 340 1632 376 61

232 434 282 480 in
300 442 402 481 toto
423 431 646 480 comitatu
665 444 752 476 suo
775 437 1009 475 trecentos
1027 443 1107 474 rex
1125 425 1307 488 equites
1324 423 1502 472 habere
1520 425 1638 472 fere·

233 509 388 557 batur.
423 511 482 555 Et
510 506 820 554 nihilominus
851 505 1099 552 Gallorum
1132 503 1388 562 exercitus,
1424 504 1508 566 qui
1540 519 1637 548 non

233 603 376 652 supra
403 599 656 632 numerum
686 599 764 630 sex
793 582 994 629 millium
1018 581 1232 628 virorum
1261 589 1383 639 erat,
1416 579 1641 626 audacter

233 663 514 730 locupletem
548 661 676 709 illam
707 661 1007 725 nimiumque
1040 658 1294 724 superbam
1329 659 1640 705 Barcinonam

234 758 374 790 ausus
403 749 473 788 est
503 739 744 801 obsidere,
781 740 1026 802 tenuitque
1067 737 1310 785 obsessam
1344 739 1393 783 in
1425 736 1643 784 maximis

232 818 399 865 aestatis
428 816 665 865 caloribus
693 833 779 882 per
806 815 908 863 dies
941 814 1296 880 septemdecim.
1335 816 1463 860 Intra
1498 828 1643 876 quam

233 911 341 943 cum
359 894 567 961 populus
585 895 818 943 maximus
835 904 971 950 esset,
993 903 1038 940 et
1059 893 1140 957 qui
1160 891 1220 939 ad
1241 894 1480 955 sexaginta
1499 891 1644 938 millia

231 972 444 1020 virorum
466 972 715 1019 ferentium
739 988 871 1019 arma
894 970 955 1019 ab
978 971 1190 1036 ipsismet
1211 969 1467 1017 ascendere
1492 969 1639 1033 jacta-

233 1048 397 1111 batur,
435 1066 684 1114 nunquam
719 1059 880 1096 tamen
921 1065 1032 1095 cum
1075 1057 1172 1095 tam
1212 1063 1357 1112 parva
1400 1046 1647 1093 Gallorum

235 1142 378 1174 manu
416 1127 466 1173 in
499 1136 716 1192 apertum
745 1126 972 1173 dimicare
1003 1124 1077 1172 vel
1109 1124 1338 1188 congredi
1373 1125 1475 1171 ausi
1512 1135 1620 1171 sunt
1631 1143 1642 1181 ;

234 1203 318 1251 sed
339 1221 389 1251 se
409 1205 533 1251 intra
554 1221 639 1252 sua
660 1205 836 1252 moenia
856 1202 1184 1262 continebant,
1208 1203 1272 1249 ita
1292 1211 1343 1249 ut
1361 1203 1505 1249 etiam
1527 1218 1649 1248 non-

239 1281 391 1329 nullas
414 1281 474 1328 de
496 1282 646 1347 portis
673 1282 792 1342 suis,
823 1291 952 1328 metu
982 1290 1205 1344 cogente,
1234 1295 1374 1325 muro
1398 1277 1650 1326 obserave-

237 1357 350 1404 rint.
379 1361 437 1405 Et
460 1359 498 1405 si
526 1358 718 1423 quando
748 1358 905 1423 (quod
930 1357 1076 1405 semel
1101 1367 1285 1404 tantum
1314 1365 1396 1404 aut
1424 1355 1522 1417 bis,
1560 1373 1649 1404 nec

239 1434 430 1499 pluries,
453 1437 514 1484 ab
528 1437 638 1502 ipsis
651 1445 931 1484 attentatum
945 1435 1082 1482 fuisse
1099 1434 1357 1496 ferebatur)
1375 1433 1520 1497 aliqui
1538 1451 1649 1498 por-

241 1511 300 1558 tis
321 1513 585 1578 eruperint,
611 1514 828 1578 protinus
854 1512 1036 1577 excepti
1060 1511 1280 1569 a·Gallis,
1308 1511 1412 1557 caesi
1436 1511 1510 1558 vel
1534 1510 1647 1571 fusi,

243 1587 362 1652 fugae
379 1589 706 1653 ignominiosae
723 1589 942 1655 praesidio
962 1605 1061 1635 sese
1079 1589 1202 1635 intra
1221 1588 1396 1635 moenia
1417 1604 1499 1635 sua
1522 1604 1652 1652 urge-

242 1663 417 1713 bantur
438 1668 663 1732 recipere.

306 1744 676 1791 Decurrentibus
714 1753 871 1791 autem
914 1743 1004 1790 illis
1041 1742 1240 1802 diebus,
1286 1742 1461 1806 quibus
1501 1752 1654 1791 castra

242 1819 488 1867 Gallorum
519 1821 652 1884 juxta
691 1821 930 1867 civitatem
972 1830 1271 1877 manserunt,
1320 1820 1397 1866 vix
1435 1819 1655 1866 aestimari

241 1896 471 1944 damnum
490 1907 649 1962 posset
671 1898 802 1961 quod
819 1897 1003 1945 civibus
1022 1897 1071 1943 in
1089 1897 1321 1944 incendiis
1339 1897 1654 1961 pretiosarum

241 1971 458 2020 villarum
488 1983 533 2020 ct
561 1973 788 2021 arborum
818 1973 1189 2034 fructiferarum,
1218 1975 1478 2038 vitiumque
1503 1975 1654 2021 succi-

242 2050 453 2098 sionibus
483 2052 656 2098 exstitit
685 2052 967 2115 irrogatum,
1004 2052 1251 2116 potissime
1284 2050 1346 2098 ab
1380 2051 1455 2098 his
1484 2051 1567 2115 qui
1596 2050 1656 2098 de

244 2128 470 2176 comitatu
498 2139 546 2176 et
570 2129 632 2176 de
659 2130 880 2176 societate
911 2129 1031 2192 regis
1060 2131 1332 2192 Aragonum
1355 2138 1506 2176 erant.
1534 2131 1655 2175 Cum

246 2205 372 2252 enim
402 2205 576 2253 acerbo
605 2216 652 2253 et
681 2205 966 2271 implacabili
988 2222 1122 2271 paene
1155 2206 1269 2252 odio
1301 2206 1427 2253 cives
1459 2206 1658 2254 rebelles

246 2280 496 2342 haberent,
530 2283 704 2330 nullius
734 2283 807 2330 vel
839 2283 1024 2330 sedium
1059 2283 1132 2330 vel
1168 2283 1397 2330 arborum
1433 2284 1658 2348 speciosi-

249 2361 330 2407 tati
356 2378 439 2410 seu
462 2363 650 2409 utilitati
677 2361 936 2426 parcebant
963 2379 973 2407 :
1001 2362 1064 2408 ita
1099 2361 1229 2425 quod
1260 2362 1422 2408 omnia
1452 2361 1657 2408 circum-

251 2436 373 2484 circa
391 2438 626 2486 civitatem
647 2439 837 2504 palatia,
862 2455 967 2502 quae
989 2448 1036 2484 et
1058 2438 1264 2502 plurima
1288 2447 1334 2485 et
1359 2438 1658 2485 ornatissima

253 2524 405 2575 erant,
434 2515 563 2579 igne,
596 2515 775 2579 absque
806 2516 1108 2562 miseratione
1135 2515 1317 2578 aliqua,
1351 2515 1654 2580 popularent.

256 2589 312 2634 Et
343 2590 382 2636 si
419 2607 579 2639 secum
615 2593 849 2640 advehere
881 2593 1146 2657 potuissent
1179 2592 1298 2639 Galli
1336 2592 1655 2652 bombardas,

256 2664 426 2728 quibus
441 2668 488 2714 in
514 2668 702 2716 urbium
726 2679 773 2716 et
793 2680 1057 2717 castrorum
1079 2670 1429 2734 expugnatione
1455 2671 1520 2716 uti
1544 2686 1659 2716 con-

257 2753 528 2805 sueverunt,
559 2746 634 2792 vel
664 2747 805 2794 etiam
834 2762 1077 2793 annonam
1106 2746 1167 2792 ad
1205 2745 1535 2793 sufficientiam
1569 2762 1658 2809 pro

256 2834 306 2865 se
327 2827 373 2864 et
395 2821 526 2882 equis
543 2819 718 2868 habere
740 2823 1027 2888 potuissent,
1055 2839 1153 2870 non
1174 2822 1446 2885 ambigitur,
1475 2821 1658 2869 civibus
