2054 3470
412 320 489 355 222
777 317 1120 355 HISTORIARUM
1147 316 1383 354 LUDOVICI
1410 317 1468 353 XI

413 425 499 473 gus
521 407 638 455 illud
655 406 893 473 perfidum
912 416 959 454 et
978 405 1231 471 procellosi
1251 406 1393 452 maris
1410 405 1632 453 fluctibus
1649 407 1824 456 mobile

414 486 590 551 magis,
628 502 830 549 regnum
864 483 1073 531 Edoardi
1107 499 1250 547 quem
1267 521 1279 544 ,
1305 483 1512 530 Henrico
1535 483 1742 547 dejecto,
1774 485 1824 532 in

414 579 572 628 regem
594 563 892 619 sublimarat,
913 563 1009 626 jam
1027 561 1315 621 fastidiebat3
1338 571 1384 608 et
1400 561 1460 609 ad
1479 562 1823 610 restituendum

413 642 691 702 Henricum,
730 657 874 706 quem
909 650 1005 687 tam
1039 640 1258 704 nequiter
1284 649 1330 686 et
1352 639 1578 702 injuriose
1600 639 1824 689 deturba·

413 730 521 767 rant
543 737 689 783 regno
712 729 759 765 et
776 718 1075 783 expulerant,
1098 717 1414 782 plurimorum
1431 718 1706 765 affectiones
1725 719 1826 766 vol-

414 797 648 844 vebantur
669 816 679 844 ε
706 798 771 843 ita
792 795 923 859 quod
938 832 949 854 ,
967 795 1144 858 junctis
1166 795 1213 840 in
1237 812 1389 841 unum
1413 796 1656 859 utriusque
1680 795 1826 861 partis

414 874 705 922 amatoribus
731 884 777 921 et
802 873 1047 933 studiosis,
1075 872 1266 919 Henrici
1287 873 1461 920 scilicet
1485 875 1606 937 regis
1625 883 1670 920 et
1689 876 1825 921 War-

413 951 529 1011 vici,
558 950 767 997 Edoardi
800 959 954 1014 partes
979 949 1028 995 in
1049 949 1294 995 communi
1320 948 1463 1012 vulgo
1485 949 1661 1013 Angliae
1682 950 1824 1014 longe

414 1027 659 1075 inferiores
681 1027 849 1093 procul
873 1027 1023 1074 dubio
1049 1026 1378 1074 remanebant.

481 1108 541 1151 Ut
563 1105 704 1168 igitur
727 1104 788 1151 ad
807 1104 857 1150 id
873 1105 1030 1169 ipsum
1048 1119 1248 1166 magnus
1266 1103 1342 1150 ille
1362 1103 1645 1168 proditionis
1661 1105 1825 1152 artifex

417 1182 642 1252 lffl'arvz'clc
669 1183 915 1246 pervenire
938 1181 1140 1241 valeret,
1169 1181 1312 1227 suasit
1335 1184 1629 1228 Francorum
1651 1182 1751 1245 regi
1775 1192 1825 1230 ut

413 1275 514 1305 sese
544 1259 849 1324 interponere
874 1258 1014 1305 vellet
1043 1258 1412 1321 mediatorisque
1438 1266 1594 1322 partes
1617 1274 1826 1305 assume-

414 1344 486 1382 ret
514 1336 576 1382 ad
600 1336 829 1382 amicitias
863 1334 1238 1382 reconciliandas
1262 1335 1385 1381 inter
1407 1335 1620 1398 reginam
1647 1337 1822 1397 Marga-

414 1423 563 1460 retam
578 1449 590 1472 ,
617 1414 809 1460 Henrici
833 1414 953 1477 regis
976 1429 1176 1460 uxorem
1192 1450 1203 1471 ,
1225 1412 1620 1477 Edoardumque,
1640 1429 1828 1460 eorum·

414 1492 524 1539 dem
548 1492 741 1539 Henrici
764 1502 809 1538 et
831 1494 1100 1555 Margaretae
1124 1490 1297 1549 filium,
1319 1491 1418 1554 jam
1436 1490 1686 1555 puberem,
1713 1500 1826 1538 etse

412 1571 569 1634 ipsum
598 1589 609 1616 ε
637 1570 917 1635 promittens
945 1569 1101 1616 eidem
1135 1571 1431 1631 Margaretae,
1458 1569 1498 1615 si
1519 1585 1687 1615 omnes
1711 1583 1826 1633 prae·

413 1650 573 1696 teritas
606 1650 802 1712 injurias
836 1647 1051 1695 oblivisci
1088 1657 1135 1694 et
1171 1646 1647 1706 condonarevellet,
1685 1656 1825 1710 atque

413 1727 602 1791 penitus
639 1743 697 1773 ex
719 1726 880 1772 animo
915 1724 1133 1786 abolere,
1172 1724 1408 1772 facturum
1440 1740 1490 1771 se
1517 1740 1629 1771 cum
1651 1723 1825 1770 auxilio

413 1804 534 1866 regis
565 1807 859 1851 Francorum
889 1812 940 1849 ut
962 1803 1011 1849 in
1037 1802 1168 1850 brevi
1194 1803 1423 1848 Henricus
1452 1818 1557 1860 rex,
1581 1802 1656 1847 vir
1687 1817 1822 1859 suus,

413 1896 439 1927 e
459 1879 676 1927 custodia
696 1889 742 1927 et
763 1896 950 1926 carcere
973 1879 1296 1926 restitueretur
1318 1878 1366 1924 in
1392 1894 1611 1940 regnum,
1633 1886 1680 1923 et
1699 1876 1824 1923 libe—

413 1958 510 2004 rIus
554 1974 700 2021 quam
738 1966 951 2021 unquam
999 1972 1146 2018 regno
1188 1972 1274 2002 suo
1314 1955 1524 2020 plenarie
1568 1953 1819 2018 potiretur.

412 2035 506 2099 Ipsi
543 2044 701 2081 autem
734 2037 1026 2081 Francorum
1059 2033 1183 2095 regi,
1216 2033 1418 2095 quinon
1445 2031 1615 2095 impari
1635 2030 1749 2077 odio
1769 2045 1825 2077 ac

413 2112 513 2175 ipse
546 2111 741 2158 effectus
772 2111 895 2157 soret
924 2110 985 2156 ad
1022 2109 1394 2174 opprimendum
1429 2107 1825 2172 Burgundionum

413 2188 586 2235 ducem
630 2187 816 2251 sibique
853 2187 1171 2246 adhaerentes,
1219 2186 1534 2251 pollicebatur
1575 2185 1636 2232 de
1680 2185 1826 2233 totius

414 2267 558 2328 regis¹
582 2265 755 2329 Angtiae
777 2266 988 2330 potentia
1011 2274 1058 2311 et
1078 2265 1255 2311 viribus
1279 2265 1452 2312 auxilio
1476 2264 1736 2311 affuturum
1763 2262 1825 2310 ad

413 2344 673 2391 delendum
706 2360 900 2408 prorsus
930 2353 974 2389 et
1009 2342 1406 2406 exstinguendum
1428 2343 1585 2406 ipsum
1611 2344 1825 2404 Burgun-

414 2420 615 2468 dionum
636 2421 830 2480 ducem,
857 2419 1068 2483 aliosque
1094 2437 1214 2484 quos
1236 2437 1404 2468 exosos
1426 2418 1640 2467 haberet.

471 2584 485 2620 1
499 2614 507 2622 .
541 2582 720 2634 Corrigez
741 2585 857 2632 regni.
