2054 3470
700 362 845 398 LIBER
873 359 1138 398 SECUNDUS.
1162 364 1167 377 '
1551 362 1628 399 193

219 450 422 508 satione,
449 448 701 511 conjugem
726 454 971 510 acceperat
1005 446 1238 510 priorem,
1269 446 1335 491 uti
1370 453 1479 491 ante
1508 445 1630 493 dixi-

220 544 348 587 mus;
369 526 619 592 episcopus
637 533 798 571 autem
816 521 1104 582 Leodiensis‚
1130 521 1418 586 quicumque
1440 531 1526 584 est,
1543 522 1631 569 do—

222 605 379 651 minus
416 613 486 651 est
523 602 723 649 civitatis
758 610 805 647 et
837 600 1001 666 patriae
1035 600 1202 660 totius,
1246 609 1344 646 tam
1380 599 1634 664 spiritualis

220 697 366 746 quam
382 679 674 745 temporalis.
699 678 794 727 Sed
816 678 883 726 illi
905 678 1132 726 cervicosi
1155 688 1203 725 et
1225 677 1419 743 superbi
1440 679 1631 743 populi,

221 757 600 806 dominationem
633 756 753 804 ferre
785 772 884 803 non
918 755 1156 816 volentes,
1190 755 1275 803 sed
1305 755 1559 803 dominum
1590 765 1638 803 et

221 845 458 901 pastorem
497 851 639 882 suum
672 834 761 882 sub
795 850 884 881 sua
916 834 1077 900 potius
1110 833 1292 881 ditione
1326 843 1373 881 et
1406 842 1638 899 potestate

219 912 433 977 redigere
461 921 604 978 atque
626 912 895 978 deprimere
915 912 1142 960 malentes
1155 949 1168 973 ,
1194 921 1363 960 contra
1385 911 1641 960 officiarios

220 990 559 1038 ecclesiasticos
587 989 800 1054 ejusdem
828 990 902 1037 sui
927 986 1184 1055 pontificis,
1211 1007 1297 1055 per
1324 999 1475 1038 totam
1508 1007 1641 1056 paene

220 1068 480 1132 dioecesim,
498 1070 798 1117 temerariam
812 1085 868 1116 ac
886 1078 1314 1134 praesumptuosam
1332 1069 1474 1116 nimis
1492 1069 1643 1116 insur-

221 1147 483 1195 rectionem
520 1157 567 1195 et
608 1147 866 1195 tumultum
901 1147 1144 1212 plebeium
1181 1157 1324 1210 atque
1361 1146 1644 1212 popularem

222 1224 437 1272 fecerunt
469 1235 517 1273 et
553 1226 867 1287 suscitarunt,
910 1225 1028 1272 alios
1060 1224 1294 1272 caedendo
1333 1235 1476 1290 atque
1517 1226 1645 1273 occi-

221 1301 402 1364 dendo,
431 1303 550 1352 alios
574 1303 717 1351 bonis
743 1303 970 1369 spoliatos
995 1304 1278 1367 gravissimis
1301 1304 1501 1367 injuriis,
1527 1321 1644 1352 con-

224 1379 428 1426 tumeliis
459 1389 506 1427 et
537 1379 724 1427 damnis
754 1379 1023 1428 afficiendo.
1059 1384 1117 1428 Et
1146 1380 1247 1428 haec
1275 1379 1361 1427 fuit
1387 1381 1543 1446 prima
1574 1382 1647 1428 sui

222 1457 369 1503 totius
392 1456 563 1505 furoris
587 1458 721 1522 origo
746 1467 793 1504 et
815 1457 1019 1506 initium.

290 1537 510 1582 Fatemur
527 1535 726 1599 quidem
749 1534 1199 1599 (quemadmodum,
1222 1535 1348 1583 fama
1367 1534 1462 1583 fide
1481 1535 1647 1600 digno-

226 1628 334 1658 rum
366 1611 622 1660 hominum
659 1613 921 1674 referente,
962 1612 1261 1677 audivimus)
1300 1614 1460 1678 potius
1498 1630 1644 1678 quam

226 1705 396 1736 senum
421 1699 467 1736 et
494 1691 707 1753 gravium
733 1700 876 1754 atque
900 1691 1157 1738 doctorum
1179 1691 1397 1739 virorum
1421 1691 1643 1755 frequen-

226 1767 318 1814 tius
360 1768 680 1832 acquiesceret
723 1769 956 1830 consiliis,
997 1786 1081 1817 seu
1119 1786 1176 1816 ex
1213 1769 1522 1833 negligentia,
1561 1787 1645 1818 seu

225 1843 362 1905 aliaS‚
397 1846 546 1893 multa
573 1862 684 1893 eum
720 1845 944 1894 tolerasse
978 1846 1038 1894 de
1070 1848 1166 1894 suis
1197 1846 1335 1894 dictis
1363 1846 1647 1895 officialibus

225 1929 273 1967 et
293 1922 624 1983 servitoribus,
652 1924 734 1987 qui
758 1924 1018 1989 plurimum
1041 1934 1176 1972 erant
1200 1941 1227 1972 a
1249 1925 1437 1972 tramite
1456 1926 1646 1990 justitiae

226 2007 273 2044 et
289 1999 518 2064 aequitatis
535 1999 736 2066 [alieni];
758 2002 824 2049 ita
839 2001 973 2066 quod
989 2019 1075 2067 per
1088 2019 1257 2049 eorum
1273 2003 1430 2050 varios
1446 2002 1640 2065 abusus,

227 2079 580 2140 concussiones,
597 2079 875 2142 calumnias,
893 2079 1032 2128 dolos
1044 2090 1092 2127 et
1107 2081 1316 2145 rapinas,
1336 2081 1505 2146 populi
1520 2081 1645 2130 illius

229 2163 386 2215 terrae,
426 2157 509 2221 qui
543 2156 605 2204 ad
639 2156 749 2204 talia
780 2157 864 2204 diu
896 2157 1146 2205 toleranda
1173 2158 1336 2206 idonei
1367 2176 1468 2207 non
1506 2171 1640 2223 sunt,

229 2231 368 2279 valde
404 2234 608 2297 graviter
646 2235 1031 2299 premebantur¹.
1073 2238 1253 2285 Contra
1293 2254 1415 2301 quos
1459 2239 1644 2287 errores

231 2307 270 2354 si
305 2325 390 2374 per
421 2311 547 2357 viam
577 2311 697 2374 juris
733 2321 779 2358 et
812 2312 1001 2375 justitiae
1034 2313 1246 2361 remedia
1281 2327 1639 2379 procurassent,

230 2384 490 2431 consultius
537 2385 689 2431 multo
732 2386 934 2450 egissent
955 2424 966 2446 ,
1010 2404 1155 2451 quam
1196 2387 1272 2436 via
1314 2389 1423 2436 facti
1469 2401 1517 2437 et
1569 2401 1643 2439 tu-

232 2460 483 2508 multuaria
514 2462 679 2527 populi
713 2463 1054 2512 insurrectione
1089 2465 1154 2512 ita
1183 2482 1264 2513 eos
1297 2467 1530 2530 caedibus,
1572 2486 1644 2516 ra-

287 2617 325 2652 1.
356 2618 536 2654 L’auteur
565 2618 689 2656 aurait
717 2618 769 2656 du
797 2618 947 2667 ajouter
979 2633 1055 2671 que
1083 2629 1143 2659 cet
1169 2621 1319 2674 eveque
1342 2623 1429 2662 leur
1454 2625 1559 2663 avait
1585 2625 1644 2663 ete

232 2673 378 2725 impose
393 2674 564 2726 lorsqu'il
583 2675 714 2715 n’etait
735 2691 803 2729 pas
821 2691 960 2717 encore
975 2681 1105 2732 pretre
1124 2689 1162 2719 et
1183 2681 1278 2732 qu'il
1295 2683 1428 2722 n’etait
1445 2698 1513 2735 pas
1534 2684 1645 2736 d’zige

233 2734 255 2771 a
270 2732 308 2771 le
327 2733 486 2771 devenir
508 2734 556 2772 de
574 2735 810 2788 longtemp53
831 2746 869 2776 et
892 2751 968 2789 que
987 2753 1087 2791 pour
1103 2740 1160 2779 les
1179 2741 1274 2780 faire
1294 2742 1399 2791 jouir
1415 2743 1464 2780 de
1489 2757 1532 2781 ce
1551 2757 1645 2795 pas—

234 2800 320 2830 teur
350 2800 387 2830 et
410 2793 609 2844 seigneur,
638 2808 688 2833 on
713 2796 816 2836 avait
847 2799 1038 2838 contraint
1066 2801 1090 2837 a
1119 2812 1160 2839 se
1184 2800 1371 2839 demettre
1406 2815 1459 2840 un
1490 2802 1646 2841 homme

235 2851 333 2890 aime
352 2861 390 2890 et
408 2852 549 2890 venere
566 2852 661 2892 dans
678 2863 761 2893 tout
778 2856 815 2894 le
833 2870 941 2908 pays.

446 2937 482 2961 ιι
1385 2933 1434 2969 13
