2054 3470
419 307 495 343 256
779 305 1118 344 HISTORIARUM
1146 308 1382 345 LUDOVICI
1409 309 1467 345 XI

420 394 685 455 contendit,
721 405 767 442 et
805 396 866 443 ad
898 413 1032 454 eam,
1079 413 1215 443 xvm.
1262 396 1472 460 ejusdem
1509 396 1684 443 mensis
1717 396 1819 456 die,

418 472 660 537 applicuit.
703 507 707 512 .

484 551 575 598 Ubi
597 568 708 598 cum
728 552 1029 598 intellexisset
1050 551 1184 598 illum
1208 568 1433 614 magnum
1455 551 1643 598 hostem
1661 568 1818 612 suum,

417 629 747 693 proditionum
803 629 1036 690 insignem
1103 629 1378 692 magistrum
1399 665 1410 687 ,
1471 629 1696 675 comitem
1762 629 1823 675 de

419 707 674 768 Warviclz‚
721 707 770 752 in
815 708 952 753 certis
996 706 1170 753 finibus
1215 708 1348 770 regni
1391 724 1503 753 cum
1552 706 1823 770 ingentibus

418 784 567 848 copiis
587 800 780 848 campos
800 793 985 841 tenere,
1015 783 1074 830 ad
1097 800 1209 830 eum
1238 783 1580 830 inveniendum
1601 783 1824 847 belloque

418 861 706 925 petendum,
759 877 867 906 cum
902 861 1107 906 exercitu
1156 877 1243 907 suo
1283 861 1471 908 concito
1519 856 1667 924 gradu
1715 877 1823 925 per-

417 939 550 985 rexit.
591 938 683 984 Sed
718 954 828 983 cum
861 937 937 983 ille
962 936 1169 1001 perfidus
1203 938 1427 985 audiisset
1460 939 1616 1003 ipsum
1647 937 1827 997 Edoar-

419 1012 535 1059 dum
574 1015 995 1079 propinquantem,
1038 1029 1215 1076 pavore
1249 1015 1511 1073 exterritus,
1551 1014 1671 1062 infra
1709 1014 1824 1060 civi—

418 1100 562 1138 tatem
591 1094 997 1138 Conventrensem
1032 1095 1041 1115 ¹
1069 1092 1301 1138 munitam
1336 1108 1447 1138 cum
1480 1092 1575 1138 suis
1601 1091 1752 1156 copiis
1773 1107 1824 1137 se

419 1168 634 1226 reclusit,
662 1169 857 1214 minime
885 1185 1028 1215 ausus
1062 1179 1332 1233 exspectare
1368 1185 1676 1231 congressum
1696 1171 1725 1215 ².
1753 1168 1824 1214 Ad

422 1261 566 1309 quam
601 1262 712 1292 cum
748 1246 953 1292 exercitu
1001 1245 1247 1292 Edoardus
1288 1244 1540 1306 advolans,
1579 1262 1705 1292 xnx.
1747 1245 1824 1291 die

419 1322 631 1384 ejusdem
657 1322 846 1381 mensis,
873 1321 1098 1369 eumdem
1120 1337 1346 1385 magnum
1368 1338 1509 1368 suum
1527 1320 1824 1386 proditorem

418 1398 674 1445 summavit
691 1435 703 1458 ,
733 1408 803 1457 ut,
830 1399 869 1444 si
894 1399 953 1444 de
972 1399 1152 1462 justitia
1174 1398 1376 1463 querelae
1400 1415 1494 1446 suae
1527 1397 1790 1445 confideret
1806 1434 1819 1456 ,

418 1475 479 1521 ad
503 1475 830 1523 dimicandum
853 1485 900 1522 et
923 1475 1235 1540 praeliandum
1256 1476 1485 1541 prodiret.

482 1553 626 1610 Quod
674 1570 784 1600 cum
823 1553 900 1599 ille
936 1564 1190 1613 recusaret,
1232 1570 1320 1601 nec
1356 1553 1600 1619 praeliandi
1633 1553 1818 1617 copiam

418 1631 652 1678 ullatenus
675 1631 827 1679 facere
854 1631 1010 1690 vellet,
1040 1631 1318 1679 deliberavit
1339 1631 1467 1678 idem
1493 1631 1739 1678 Edoardus
1762 1629 1823 1677 ad

419 1709 578 1756 villam
614 1710 674 1757 de
711 1710 959 1770 Warviclz,
995 1709 1122 1756 unde
1150 1709 1278 1756 idem
1314 1708 1534 1774 proditor
1563 1725 1742 1757 nomen
1765 1708 1823 1754 ti-

419 1788 669 1851 tulumque
702 1786 1008 1852 praeferebat,
1053 1787 1275 1834 accedere
1296 1823 1308 1846 ,
1350 1796 1402 1833 ut
1440 1786 1515 1833 vel
1554 1785 1635 1832 tali
1675 1785 1822 1831 modo

419 1879 531 1908 eum
559 1862 619 1909 ad
656 1862 928 1908 certaminis
961 1861 1122 1907 locum
1157 1870 1204 1907 et
1235 1860 1296 1906 ad
1331 1859 1686 1922 confligendum
1723 1858 1824 1905 ido-

425 1956 573 1986 neum
606 1940 814 1985 fortassis
847 1937 1085 1985 attrahere
1124 1947 1300 2002 posset.
1337 1939 1457 1984 Cum
1492 1946 1651 1984 autem
1683 1936 1730 1982 in
1769 1951 1827 1982 ea

419 2018 528 2064 villa
566 2028 702 2074 esset,
753 2017 813 2064 ad
861 2033 910 2063 se
948 2017 1076 2062 venit
1116 2016 1257 2062 frater
1291 2032 1403 2062 suus
1440 2015 1537 2061 dux
1561 2014 1824 2074 Clarentiae,

418 2112 562 2159 gener
599 2095 811 2160 praedicti
840 2093 1010 2159 perfidi
1044 2098 1114 2141 W
1112 2093 1285 2154 arvz'ck,
1315 2109 1425 2139 cum
1456 2091 1657 2157 pulchra
1682 2091 1830 2138 comi·

420 2174 512 2220 tiva
546 2182 855 2219 armatorum.
896 2171 984 2218 Cui
1019 2188 1130 2218 cum
1172 2170 1300 2218 idem
1322 2173 1335 2195 ⁸
1371 2170 1622 2217 Edoardus
1657 2168 1829 2216 obvius

423 2261 551 2297 extra
586 2250 746 2296 villam
771 2249 830 2295 de
867 2253 937 2296 W
934 2249 1094 2294 armich
1119 2248 1305 2294 exiisset
1322 2284 1334 2307 ,
1360 2264 1471 2294 cum
1492 2248 1586 2294 suis
1610 2246 1759 2310 copiis
1781 2254 1829 2291 et

419 2326 598 2374 vexillis
633 2326 851 2391 expansis
889 2324 1330 2389 (quemadmodum
1364 2325 1505 2371 etiam
1550 2322 1679 2370 idem
1727 2321 1829 2368 Cla-

419 2404 581 2451 rentiae
603 2402 699 2449 dux
734 2402 1008 2465 veniebat),
1049 2402 1170 2449 inter
1205 2402 1333 2465 ipsos
1370 2417 1460 2466 pax
1493 2409 1540 2446 et
1569 2397 1827 2446 concordia

473 2560 490 2594 1
503 2587 511 2595 .
543 2559 749 2608 Coventry.

473 2620 512 2657 2.
543 2618 759 2656 Chastelain
776 2617 811 2655 le
827 2625 913 2655 taxe
930 2617 1030 2655 aussi
1047 2616 1094 2655 de
1110 2616 1256 2654 lachete
1273 2631 1282 2652 ·.
1305 2633 1320 2648 κ
1336 2615 1456 2653 Estoit
1471 2615 1594 2654 laiche
1612 2623 1650 2654 et
1667 2615 1826 2664 couard,

420 2691 469 2721 ne
482 2691 649 2728 oncques
663 2690 711 2715 ne
721 2690 760 2715 se
775 2685 913 2714 trouva
922 2689 969 2713 en
983 2676 1060 2714 lieu
1072 2676 1148 2713 fors
1161 2675 1273 2712 fuitif.
1282 2691 1300 2709 ι)
1312 2676 1429 2722 (Part.
1441 2677 1513 2723 111,
1525 2675 1588 2713 ch.
1598 2678 1827 2722 cnxxxvm.)

419 2737 635 2776 Commines
655 2736 710 2774 dit
726 2736 763 2774 la
783 2738 906 2773 meme
923 2735 1038 2774 chose
1057 2748 1104 2773 en
1123 2743 1261 2773 termes
1279 2735 1365 2786 plus
1383 2735 1583 2774 honnetes.
1605 2737 1677 2784 ΙΙΙ,
1698 2739 1735 2773 7.

475 2800 510 2836 3.
542 2799 676 2835 Eidem
696 2796 791 2834 dans
809 2796 844 2834 le
862 2809 932 2834 ms.
1787 2789 1789 2791 ¹
