<?xml version="1.0" encoding="UTF-8"?>
<!DOCTYPE html PUBLIC "-//W3C//DTD XHTML 1.0 Transitional//EN"
    "http://www.w3.org/TR/xhtml1/DTD/xhtml1-transitional.dtd">
<html xmlns="http://www.w3.org/1999/xhtml" xml:lang="en" lang="en">
 <head>
  <title>
</title>
<meta http-equiv="Content-Type" content="text/html;charset=utf-8" />
  <meta name='ocr-system' content='tesseract 3.04.00' />
  <meta name='ocr-capabilities' content='ocr_page ocr_carea ocr_par ocr_line ocrx_word'/>
</head>
<body>
  <div class='ocr_page' id='page_1' title='image "./histoiredesrgn02basiuoft_0278.png"; bbox 0 0 2054 3470; ppageno 0'>
   <div class='ocr_carea' id='block_1_1' title="bbox 464 328 1517 367">
    <p class='ocr_par' dir='ltr' id='par_1_1' title="bbox 464 328 1517 367">
     <span class='ocr_line' id='line_1_1' title="bbox 464 328 1517 367; baseline 0.001 -3"><span class='ocrx_word' id='word_1_1' title='bbox 464 328 542 364; x_wconf 72' lang='lat'>194</span> <span class='ocrx_word' id='word_1_2' title='bbox 829 328 1169 366; x_wconf 81' lang='lat' dir='ltr'>HISTORIARUM</span> <span class='ocrx_word' id='word_1_3' title='bbox 1195 329 1434 367; x_wconf 84' lang='lat' dir='ltr'><strong>LUDOVICI</strong></span> <span class='ocrx_word' id='word_1_4' title='bbox 1459 330 1517 366; x_wconf 88' lang='lat' dir='ltr'>XI</span> 
     </span>
    </p>
   </div>
   <div class='ocr_carea' id='block_1_2' title="bbox 431 416 1873 2256">
    <p class='ocr_par' dir='ltr' id='par_1_2' title="bbox 439 416 1873 550">
     <span class='ocr_line' id='line_1_2' title="bbox 439 416 1873 481; baseline 0.002 -18"><span class='ocrx_word' id='word_1_5' title='bbox 439 428 442 430; x_wconf 86' lang='grc'><em>·</em></span> <span class='ocrx_word' id='word_1_6' title='bbox 465 416 590 481; x_wconf 91' lang='lat' dir='ltr'>pinis</span> <span class='ocrx_word' id='word_1_7' title='bbox 624 426 672 464; x_wconf 90' lang='lat' dir='ltr'>et</span> <span class='ocrx_word' id='word_1_8' title='bbox 703 417 844 464; x_wconf 85' lang='lat' dir='ltr'>variis</span> <span class='ocrx_word' id='word_1_9' title='bbox 877 416 1157 480; x_wconf 87' lang='lat' dir='ltr'>injuriarum</span> <span class='ocrx_word' id='word_1_10' title='bbox 1200 416 1357 464; x_wconf 91' lang='lat' dir='ltr'>modis</span> <span class='ocrx_word' id='word_1_11' title='bbox 1385 417 1596 465; x_wconf 81' lang='lat' dir='ltr'>affecisse</span> <span class='ocrx_word' id='word_1_12' title='bbox 1632 427 1679 464; x_wconf 90' lang='lat' dir='ltr'>et</span> <span class='ocrx_word' id='word_1_13' title='bbox 1715 418 1873 466; x_wconf 89' lang='lat' dir='ltr'>deho-</span> 
     </span>
     <span class='ocr_line' id='line_1_3' title="bbox 460 502 1861 550; baseline -0.001 -10"><span class='ocrx_word' id='word_1_14' title='bbox 460 502 684 540; x_wconf 86' lang='lat' dir='ltr'>nestasse.</span> <span class='ocrx_word' id='word_1_15' title='bbox 707 508 711 512; x_wconf 91' lang='grc'><em>·</em></span> <span class='ocrx_word' id='word_1_16' title='bbox 1854 546 1861 550; x_wconf 47' lang='grc'><em>,</em></span> 
     </span>
    </p>

    <p class='ocr_par' dir='ltr' id='par_1_3' title="bbox 431 569 1869 2256">
     <span class='ocr_line' id='line_1_4' title="bbox 523 569 1869 633; baseline 0.001 -15"><span class='ocrx_word' id='word_1_17' title='bbox 523 573 646 618; x_wconf 88' lang='lat' dir='ltr'>Cum</span> <span class='ocrx_word' id='word_1_18' title='bbox 673 580 858 631; x_wconf 83' lang='lat' dir='ltr'>autem,</span> <span class='ocrx_word' id='word_1_19' title='bbox 896 570 1039 617; x_wconf 87' lang='lat' dir='ltr'>etiam</span> <span class='ocrx_word' id='word_1_20' title='bbox 1070 569 1241 629; x_wconf 84' lang='lat' dir='ltr'>talibus</span> <span class='ocrx_word' id='word_1_21' title='bbox 1270 587 1369 617; x_wconf 94' lang='lat' dir='ltr'>non</span> <span class='ocrx_word' id='word_1_22' title='bbox 1401 572 1869 633; x_wconf 88' lang='lat' dir='ltr'>contenti‚·omnem</span> 
     </span>
     <span class='ocr_line' id='line_1_5' title="bbox 457 646 1868 712; baseline 0.001 -18"><span class='ocrx_word' id='word_1_23' title='bbox 457 661 592 712; x_wconf 86' lang='lat' dir='ltr'>paene</span> <span class='ocrx_word' id='word_1_24' title='bbox 626 647 937 712; x_wconf 81' lang='lat' dir='ltr'>temporalem</span> <span class='ocrx_word' id='word_1_25' title='bbox 973 646 1161 693; x_wconf 91' lang='lat' dir='ltr'>domini</span> <span class='ocrx_word' id='word_1_26' title='bbox 1191 647 1263 694; x_wconf 91' lang='lat' dir='ltr'>sui</span> <span class='ocrx_word' id='word_1_27' title='bbox 1293 647 1700 711; x_wconf 90' lang='lat' dir='ltr'>jurisdictionem,</span> <span class='ocrx_word' id='word_1_28' title='bbox 1737 659 1785 698; x_wconf 91' lang='lat' dir='ltr'>et</span> <span class='ocrx_word' id='word_1_29' title='bbox 1818 650 1868 696; x_wconf 92' lang='lat' dir='ltr'>in</span> 
     </span>
     <span class='ocr_line' id='line_1_6' title="bbox 455 724 1866 791; baseline 0.002 -21"><span class='ocrx_word' id='word_1_30' title='bbox 455 724 662 785; x_wconf 79' lang='lat' dir='ltr'>civitate,</span> <span class='ocrx_word' id='word_1_31' title='bbox 689 735 736 771; x_wconf 90' lang='lat' dir='ltr'>et</span> <span class='ocrx_word' id='word_1_32' title='bbox 759 726 808 771; x_wconf 93' lang='lat' dir='ltr'>in</span> <span class='ocrx_word' id='word_1_33' title='bbox 831 724 1026 788; x_wconf 85' lang='lat' dir='ltr'>singulis</span> <span class='ocrx_word' id='word_1_34' title='bbox 1045 725 1206 788; x_wconf 90' lang='lat' dir='ltr'>patriae</span> <span class='ocrx_word' id='word_1_35' title='bbox 1229 724 1362 786; x_wconf 92' lang='lat' dir='ltr'>locis,</span> <span class='ocrx_word' id='word_1_36' title='bbox 1385 736 1432 773; x_wconf 94' lang='lat' dir='ltr'>et</span> <span class='ocrx_word' id='word_1_37' title='bbox 1453 735 1607 773; x_wconf 88' lang='lat' dir='ltr'>totum</span> <span class='ocrx_word' id='word_1_38' title='bbox 1627 743 1758 791; x_wconf 83' lang='lat' dir='ltr'>paene</span> <span class='ocrx_word' id='word_1_39' title='bbox 1777 726 1866 775; x_wconf 88' lang='lat' dir='ltr'>do-</span> 
     </span>
     <span class='ocr_line' id='line_1_7' title="bbox 454 799 1867 867; baseline 0.002 -18"><span class='ocrx_word' id='word_1_40' title='bbox 454 803 657 850; x_wconf 85' lang='lat' dir='ltr'>minium</span> <span class='ocrx_word' id='word_1_41' title='bbox 695 817 923 867; x_wconf 87' lang='lat' dir='ltr'>usurpare</span> <span class='ocrx_word' id='word_1_42' title='bbox 959 801 1050 848; x_wconf 91' lang='lat' dir='ltr'>sibi</span> <span class='ocrx_word' id='word_1_43' title='bbox 1084 812 1400 865; x_wconf 87' lang='lat' dir='ltr'>conarentur,</span> <span class='ocrx_word' id='word_1_44' title='bbox 1438 803 1533 851; x_wconf 91' lang='lat' dir='ltr'>hoc</span> <span class='ocrx_word' id='word_1_45' title='bbox 1571 799 1867 852; x_wconf 83' lang='lat' dir='ltr'>dissimulare</span> 
     </span>
     <span class='ocr_line' id='line_1_8' title="bbox 450 879 1865 946; baseline 0.001 -19"><span class='ocrx_word' id='word_1_46' title='bbox 450 880 649 927; x_wconf 91' lang='lat' dir='ltr'>minime</span> <span class='ocrx_word' id='word_1_47' title='bbox 670 879 834 927; x_wconf 85' lang='lat' dir='ltr'>valens</span> <span class='ocrx_word' id='word_1_48' title='bbox 854 879 932 926; x_wconf 87' lang='lat' dir='ltr'>ille</span> <span class='ocrx_word' id='word_1_49' title='bbox 955 895 1209 943; x_wconf 88' lang='lat' dir='ltr'>generosus</span> <span class='ocrx_word' id='word_1_50' title='bbox 1230 889 1278 926; x_wconf 93' lang='lat' dir='ltr'>et</span> <span class='ocrx_word' id='word_1_51' title='bbox 1299 881 1629 945; x_wconf 85' lang='lat' dir='ltr'>magnanimus</span> <span class='ocrx_word' id='word_1_52' title='bbox 1651 882 1725 928; x_wconf 92' lang='lat' dir='ltr'>sui</span> <span class='ocrx_word' id='word_1_53' title='bbox 1743 897 1865 946; x_wconf 91' lang='lat' dir='ltr'>pon-</span> 
     </span>
     <span class='ocr_line' id='line_1_9' title="bbox 449 956 1865 1022; baseline 0.001 -18"><span class='ocrx_word' id='word_1_54' title='bbox 449 957 587 1005; x_wconf 87' lang='lat' dir='ltr'>tificis</span> <span class='ocrx_word' id='word_1_55' title='bbox 602 958 807 1017; x_wconf 76' lang='lat' dir='ltr'>animUS,</span> <span class='ocrx_word' id='word_1_56' title='bbox 829 958 935 1020; x_wconf 87' lang='lat' dir='ltr'>jura</span> <span class='ocrx_word' id='word_1_57' title='bbox 953 956 1159 1004; x_wconf 80' lang='lat' dir='ltr'>ecclesiae</span> <span class='ocrx_word' id='word_1_58' title='bbox 1174 960 1294 1018; x_wconf 75' lang='lat' dir='ltr'>suae,</span> <span class='ocrx_word' id='word_1_59' title='bbox 1322 967 1419 1004; x_wconf 87' lang='lat' dir='ltr'>tam</span> <span class='ocrx_word' id='word_1_60' title='bbox 1442 958 1701 1022; x_wconf 81' lang='lat' dir='ltr'>spiritualia</span> <span class='ocrx_word' id='word_1_61' title='bbox 1719 975 1865 1022; x_wconf 87' lang='lat' dir='ltr'>quam</span> 
     </span>
     <span class='ocr_line' id='line_1_10' title="bbox 447 1033 1865 1100; baseline 0.001 -18"><span class='ocrx_word' id='word_1_62' title='bbox 447 1035 710 1095; x_wconf 71' lang='lat' dir='ltr'>saecularia,</span> <span class='ocrx_word' id='word_1_63' title='bbox 749 1035 1038 1098; x_wconf 86' lang='lat' dir='ltr'>injuriasque</span> <span class='ocrx_word' id='word_1_64' title='bbox 1075 1044 1122 1080; x_wconf 90' lang='lat' dir='ltr'>et</span> <span class='ocrx_word' id='word_1_65' title='bbox 1159 1033 1248 1080; x_wconf 87' lang='lat' dir='ltr'>sibi</span> <span class='ocrx_word' id='word_1_66' title='bbox 1277 1043 1324 1081; x_wconf 90' lang='lat' dir='ltr'>et</span> <span class='ocrx_word' id='word_1_67' title='bbox 1365 1035 1462 1082; x_wconf 92' lang='lat' dir='ltr'>suis</span> <span class='ocrx_word' id='word_1_68' title='bbox 1499 1035 1753 1100; x_wconf 81' lang='lat' dir='ltr'>irrogataS‚</span> <span class='ocrx_word' id='word_1_69' title='bbox 1788 1037 1865 1084; x_wconf 87' lang='lat' dir='ltr'>via</span> 
     </span>
     <span class='ocr_line' id='line_1_11' title="bbox 441 1110 1863 1176; baseline 0.001 -17"><span class='ocrx_word' id='word_1_70' title='bbox 441 1112 561 1176; x_wconf 87' lang='lat' dir='ltr'>juris</span> <span class='ocrx_word' id='word_1_71' title='bbox 595 1112 851 1161; x_wconf 85' lang='lat' dir='ltr'>defendere</span> <span class='ocrx_word' id='word_1_72' title='bbox 893 1122 941 1159; x_wconf 91' lang='lat' dir='ltr'>et</span> <span class='ocrx_word' id='word_1_73' title='bbox 978 1111 1205 1176; x_wconf 86' lang='lat' dir='ltr'>prosequi</span> <span class='ocrx_word' id='word_1_74' title='bbox 1241 1110 1437 1158; x_wconf 87' lang='lat' dir='ltr'>adortus</span> <span class='ocrx_word' id='word_1_75' title='bbox 1473 1121 1558 1159; x_wconf 90' lang='lat' dir='ltr'>est.</span> <span class='ocrx_word' id='word_1_76' title='bbox 1602 1115 1863 1160; x_wconf 87' lang='lat' dir='ltr'>Recurrens</span> 
     </span>
     <span class='ocr_line' id='line_1_12' title="bbox 444 1187 1863 1255; baseline 0.001 -20"><span class='ocrx_word' id='word_1_77' title='bbox 444 1188 606 1253; x_wconf 88' lang='lat' dir='ltr'>itaque</span> <span class='ocrx_word' id='word_1_78' title='bbox 637 1190 699 1238; x_wconf 89' lang='lat' dir='ltr'>ad</span> <span class='ocrx_word' id='word_1_79' title='bbox 737 1188 1050 1255; x_wconf 90' lang='lat' dir='ltr'>apostolicam</span> <span class='ocrx_word' id='word_1_80' title='bbox 1082 1187 1269 1250; x_wconf 88' lang='lat' dir='ltr'>sedem,</span> <span class='ocrx_word' id='word_1_81' title='bbox 1299 1189 1573 1252; x_wconf 86' lang='lat' dir='ltr'>procuravit</span> <span class='ocrx_word' id='word_1_82' title='bbox 1604 1188 1665 1236; x_wconf 86' lang='lat' dir='ltr'>ab</span> <span class='ocrx_word' id='word_1_83' title='bbox 1693 1189 1863 1237; x_wconf 89' lang='lat' dir='ltr'>eadem</span> 
     </span>
     <span class='ocr_line' id='line_1_13' title="bbox 442 1264 1863 1330; baseline 0.001 -17"><span class='ocrx_word' id='word_1_84' title='bbox 442 1266 652 1330; x_wconf 88' lang='lat' dir='ltr'>legatum</span> <span class='ocrx_word' id='word_1_85' title='bbox 671 1266 938 1325; x_wconf 88' lang='lat' dir='ltr'>destinari¹,</span> <span class='ocrx_word' id='word_1_86' title='bbox 961 1266 1044 1330; x_wconf 93' lang='lat' dir='ltr'>qui</span> <span class='ocrx_word' id='word_1_87' title='bbox 1061 1265 1150 1313; x_wconf 88' lang='lat' dir='ltr'>sibi</span> <span class='ocrx_word' id='word_1_88' title='bbox 1172 1275 1219 1312; x_wconf 91' lang='lat' dir='ltr'>et</span> <span class='ocrx_word' id='word_1_89' title='bbox 1240 1264 1446 1312; x_wconf 85' lang='lat' dir='ltr'>ecclesiae</span> <span class='ocrx_word' id='word_1_90' title='bbox 1467 1282 1563 1312; x_wconf 86' lang='lat' dir='ltr'>suae</span> <span class='ocrx_word' id='word_1_91' title='bbox 1591 1265 1652 1312; x_wconf 90' lang='lat' dir='ltr'>de</span> <span class='ocrx_word' id='word_1_92' title='bbox 1669 1266 1788 1329; x_wconf 86' lang='lat' dir='ltr'>juris</span> <span class='ocrx_word' id='word_1_93' title='bbox 1815 1276 1863 1314; x_wconf 91' lang='lat' dir='ltr'>et</span> 
     </span>
     <span class='ocr_line' id='line_1_14' title="bbox 437 1342 1862 1411; baseline 0 -21"><span class='ocrx_word' id='word_1_94' title='bbox 437 1344 629 1407; x_wconf 87' lang='lat' dir='ltr'>justitiae</span> <span class='ocrx_word' id='word_1_95' title='bbox 650 1344 866 1392; x_wconf 90' lang='lat' dir='ltr'>remedio</span> <span class='ocrx_word' id='word_1_96' title='bbox 886 1343 1178 1409; x_wconf 87' lang='lat' dir='ltr'>provideret.</span> <span class='ocrx_word' id='word_1_97' title='bbox 1201 1343 1295 1400; x_wconf 87' lang='lat' dir='ltr'>Qui</span> <span class='ocrx_word' id='word_1_98' title='bbox 1317 1343 1576 1390; x_wconf 85' lang='lat' dir='ltr'>adveniens</span> <span class='ocrx_word' id='word_1_99' title='bbox 1604 1343 1666 1390; x_wconf 89' lang='lat' dir='ltr'>ad</span> <span class='ocrx_word' id='word_1_100' title='bbox 1691 1342 1862 1411; x_wconf 84' lang='lat' dir='ltr'>urbem</span> 
     </span>
     <span class='ocr_line' id='line_1_15' title="bbox 441 1421 1862 1486; baseline 0.001 -19"><span class='ocrx_word' id='word_1_101' title='bbox 441 1424 793 1482; x_wconf 73' lang='lat' dir='ltr'>Treverorum&#39;,</span> <span class='ocrx_word' id='word_1_102' title='bbox 828 1423 1034 1469; x_wconf 88' lang='lat' dir='ltr'>instante</span> <span class='ocrx_word' id='word_1_103' title='bbox 1062 1421 1314 1486; x_wconf 88' lang='lat' dir='ltr'>episcop0,</span> <span class='ocrx_word' id='word_1_104' title='bbox 1343 1422 1737 1469; x_wconf 87' lang='lat' dir='ltr'>communitatem</span> <span class='ocrx_word' id='word_1_105' title='bbox 1766 1438 1862 1470; x_wconf 82' lang='lat' dir='ltr'>suae</span> 
     </span>
     <span class='ocr_line' id='line_1_16' title="bbox 441 1495 1862 1562; baseline 0.001 -20"><span class='ocrx_word' id='word_1_106' title='bbox 441 1496 642 1543; x_wconf 86' lang='lat' dir='ltr'>civitatis</span> <span class='ocrx_word' id='word_1_107' title='bbox 664 1507 711 1543; x_wconf 93' lang='lat' dir='ltr'>et</span> <span class='ocrx_word' id='word_1_108' title='bbox 732 1497 894 1562; x_wconf 85' lang='lat' dir='ltr'>patriae</span> <span class='ocrx_word' id='word_1_109' title='bbox 916 1496 1062 1543; x_wconf 84' lang='lat' dir='ltr'>totius</span> <span class='ocrx_word' id='word_1_110' title='bbox 1084 1495 1175 1542; x_wconf 91' lang='lat' dir='ltr'>sibi</span> <span class='ocrx_word' id='word_1_111' title='bbox 1202 1495 1429 1543; x_wconf 89' lang='lat' dir='ltr'>rebellem</span> <span class='ocrx_word' id='word_1_112' title='bbox 1457 1497 1591 1543; x_wconf 87' lang='lat' dir='ltr'>citari</span> <span class='ocrx_word' id='word_1_113' title='bbox 1619 1505 1666 1542; x_wconf 89' lang='lat' dir='ltr'>et</span> <span class='ocrx_word' id='word_1_114' title='bbox 1689 1512 1862 1544; x_wconf 74' lang='lat' dir='ltr'>conve-</span> 
     </span>
     <span class='ocr_line' id='line_1_17' title="bbox 440 1572 1860 1637; baseline 0 -17"><span class='ocrx_word' id='word_1_115' title='bbox 440 1574 543 1621; x_wconf 91' lang='lat' dir='ltr'>nire</span> <span class='ocrx_word' id='word_1_116' title='bbox 566 1590 730 1621; x_wconf 87' lang='lat' dir='ltr'>coram</span> <span class='ocrx_word' id='word_1_117' title='bbox 759 1590 809 1622; x_wconf 92' lang='lat' dir='ltr'>se</span> <span class='ocrx_word' id='word_1_118' title='bbox 836 1575 887 1620; x_wconf 91' lang='lat' dir='ltr'>in</span> <span class='ocrx_word' id='word_1_119' title='bbox 906 1574 1012 1637; x_wconf 87' lang='lat' dir='ltr'>jure</span> <span class='ocrx_word' id='word_1_120' title='bbox 1039 1573 1173 1632; x_wconf 85' lang='lat' dir='ltr'>fecit,</span> <span class='ocrx_word' id='word_1_121' title='bbox 1195 1573 1328 1636; x_wconf 85' lang='lat' dir='ltr'>juxta</span> <span class='ocrx_word' id='word_1_122' title='bbox 1352 1572 1515 1620; x_wconf 89' lang='lat' dir='ltr'>datam</span> <span class='ocrx_word' id='word_1_123' title='bbox 1533 1572 1632 1630; x_wconf 51' lang='lat' dir='ltr'>,sibi</span> <span class='ocrx_word' id='word_1_124' title='bbox 1655 1573 1860 1620; x_wconf 79' lang='lat' dir='ltr'>formam</span> 
     </span>
     <span class='ocr_line' id='line_1_18' title="bbox 438 1650 1859 1717; baseline 0.001 -20"><span class='ocrx_word' id='word_1_125' title='bbox 438 1661 581 1716; x_wconf 89' lang='lat' dir='ltr'>atque</span> <span class='ocrx_word' id='word_1_126' title='bbox 601 1661 901 1717; x_wconf 85' lang='lat' dir='ltr'>potestatem.</span> <span class='ocrx_word' id='word_1_127' title='bbox 931 1653 1017 1697; x_wconf 88' lang='lat' dir='ltr'>Per</span> <span class='ocrx_word' id='word_1_128' title='bbox 1036 1650 1259 1714; x_wconf 87' lang='lat' dir='ltr'>syndicos</span> <span class='ocrx_word' id='word_1_129' title='bbox 1278 1651 1437 1715; x_wconf 90' lang='lat' dir='ltr'>itaque</span> <span class='ocrx_word' id='word_1_130' title='bbox 1455 1652 1504 1714; x_wconf 89' lang='lat' dir='ltr'>in</span> <span class='ocrx_word' id='word_1_131' title='bbox 1525 1651 1632 1715; x_wconf 88' lang='lat' dir='ltr'>jure</span> <span class='ocrx_word' id='word_1_132' title='bbox 1650 1652 1859 1715; x_wconf 87' lang='lat' dir='ltr'>legitime</span> 
     </span>
     <span class='ocr_line' id='line_1_19' title="bbox 436 1728 1859 1794; baseline -0.001 -18"><span class='ocrx_word' id='word_1_133' title='bbox 436 1738 767 1794; x_wconf 82' lang='lat' dir='ltr'>comparentes</span> <span class='ocrx_word' id='word_1_134' title='bbox 795 1739 842 1775; x_wconf 93' lang='lat' dir='ltr'>et</span> <span class='ocrx_word' id='word_1_135' title='bbox 875 1729 1024 1793; x_wconf 90' lang='lat' dir='ltr'>ipsius</span> <span class='ocrx_word' id='word_1_136' title='bbox 1058 1728 1182 1775; x_wconf 91' lang='lat' dir='ltr'>sedis</span> <span class='ocrx_word' id='word_1_137' title='bbox 1213 1728 1483 1793; x_wconf 85' lang='lat' dir='ltr'>apostolicae</span> <span class='ocrx_word' id='word_1_138' title='bbox 1515 1729 1684 1792; x_wconf 90' lang='lat' dir='ltr'>suique</span> <span class='ocrx_word' id='word_1_139' title='bbox 1717 1729 1859 1793; x_wconf 89' lang='lat' dir='ltr'>legati</span> 
     </span>
     <span class='ocr_line' id='line_1_20' title="bbox 431 1805 1858 1871; baseline -0.003 -16"><span class='ocrx_word' id='word_1_140' title='bbox 431 1807 751 1871; x_wconf 86' lang='lat' dir='ltr'>jurisdictioni</span> <span class='ocrx_word' id='word_1_141' title='bbox 775 1823 824 1853; x_wconf 90' lang='lat' dir='ltr'>se</span> <span class='ocrx_word' id='word_1_142' title='bbox 847 1805 1200 1865; x_wconf 87' lang='lat' dir='ltr'>submittentes,</span> <span class='ocrx_word' id='word_1_143' title='bbox 1225 1815 1370 1869; x_wconf 89' lang='lat' dir='ltr'>atque</span> <span class='ocrx_word' id='word_1_144' title='bbox 1389 1806 1456 1853; x_wconf 93' lang='lat' dir='ltr'>eis</span> <span class='ocrx_word' id='word_1_145' title='bbox 1478 1821 1644 1870; x_wconf 86' lang='lat' dir='ltr'>parere</span> <span class='ocrx_word' id='word_1_146' title='bbox 1667 1821 1858 1852; x_wconf 84' lang='lat' dir='ltr'>eorum-</span> 
     </span>
     <span class='ocr_line' id='line_1_21' title="bbox 437 1881 1857 1948; baseline -0.002 -17"><span class='ocrx_word' id='word_1_147' title='bbox 437 1901 530 1948; x_wconf 90' lang='lat' dir='ltr'>que</span> <span class='ocrx_word' id='word_1_148' title='bbox 559 1883 803 1931; x_wconf 90' lang='lat' dir='ltr'>sententiis</span> <span class='ocrx_word' id='word_1_149' title='bbox 838 1892 884 1930; x_wconf 91' lang='lat' dir='ltr'>et</span> <span class='ocrx_word' id='word_1_150' title='bbox 922 1883 1124 1930; x_wconf 90' lang='lat' dir='ltr'>decretis</span> <span class='ocrx_word' id='word_1_151' title='bbox 1157 1899 1267 1929; x_wconf 90' lang='lat' dir='ltr'>cum</span> <span class='ocrx_word' id='word_1_152' title='bbox 1302 1882 1520 1944; x_wconf 88' lang='lat' dir='ltr'>gravium</span> <span class='ocrx_word' id='word_1_153' title='bbox 1550 1881 1857 1946; x_wconf 91' lang='lat' dir='ltr'>stipulatione</span> 
     </span>
     <span class='ocr_line' id='line_1_22' title="bbox 435 1960 1857 2026; baseline -0.002 -17"><span class='ocrx_word' id='word_1_154' title='bbox 435 1978 686 2026; x_wconf 87' lang='lat' dir='ltr'>poenarum</span> <span class='ocrx_word' id='word_1_155' title='bbox 720 1960 1104 2026; x_wconf 88' lang='lat' dir='ltr'>repromittentes</span> <span class='ocrx_word' id='word_1_156' title='bbox 1116 1997 1134 2018; x_wconf 86' lang='lat'>,.</span> <span class='ocrx_word' id='word_1_157' title='bbox 1163 1975 1356 2007; x_wconf 88' lang='lat' dir='ltr'>causam</span> <span class='ocrx_word' id='word_1_158' title='bbox 1384 1968 1551 2006; x_wconf 85' lang='lat' dir='ltr'>contra</span> <span class='ocrx_word' id='word_1_159' title='bbox 1585 1974 1724 2005; x_wconf 86' lang='lat' dir='ltr'>suum</span> <span class='ocrx_word' id='word_1_160' title='bbox 1755 1960 1857 2024; x_wconf 87' lang='lat' dir='ltr'>epi-</span> 
     </span>
     <span class='ocr_line' id='line_1_23' title="bbox 435 2036 1854 2103; baseline -0.002 -19"><span class='ocrx_word' id='word_1_161' title='bbox 435 2055 637 2103; x_wconf 90' lang='lat' dir='ltr'>scopum</span> <span class='ocrx_word' id='word_1_162' title='bbox 658 2054 802 2103; x_wconf 92' lang='lat' dir='ltr'>super</span> <span class='ocrx_word' id='word_1_163' title='bbox 824 2036 1041 2102; x_wconf 84' lang='lat' dir='ltr'>capitulis</span> <span class='ocrx_word' id='word_1_164' title='bbox 1068 2036 1254 2082; x_wconf 90' lang='lat' dir='ltr'>circiter</span> <span class='ocrx_word' id='word_1_165' title='bbox 1274 2036 1438 2099; x_wconf 85' lang='lat' dir='ltr'>viginti</span> <span class='ocrx_word' id='word_1_166' title='bbox 1465 2044 1670 2098; x_wconf 89' lang='lat' dir='ltr'>quatuor</span> <span class='ocrx_word' id='word_1_167' title='bbox 1689 2036 1854 2100; x_wconf 89' lang='lat' dir='ltr'>(super</span> 
     </span>
     <span class='ocr_line' id='line_1_24' title="bbox 433 2112 1853 2179; baseline -0.001 -17"><span class='ocrx_word' id='word_1_168' title='bbox 433 2115 608 2178; x_wconf 92' lang='lat' dir='ltr'>quibus</span> <span class='ocrx_word' id='word_1_169' title='bbox 639 2131 722 2162; x_wconf 94' lang='lat' dir='ltr'>eos</span> <span class='ocrx_word' id='word_1_170' title='bbox 753 2115 1010 2179; x_wconf 88' lang='lat' dir='ltr'>impetens,</span> <span class='ocrx_word' id='word_1_171' title='bbox 1042 2112 1101 2160; x_wconf 92' lang='lat' dir='ltr'>de</span> <span class='ocrx_word' id='word_1_172' title='bbox 1130 2113 1244 2178; x_wconf 93' lang='lat' dir='ltr'>ipsis</span> <span class='ocrx_word' id='word_1_173' title='bbox 1266 2112 1574 2177; x_wconf 73' lang='lat' dir='ltr'>querebatur)</span> <span class='ocrx_word' id='word_1_174' title='bbox 1600 2113 1853 2177; x_wconf 87' lang='lat' dir='ltr'>tranquille</span> 
     </span>
     <span class='ocr_line' id='line_1_25' title="bbox 435 2189 1408 2256; baseline -0.004 -17"><span class='ocrx_word' id='word_1_175' title='bbox 435 2202 482 2238; x_wconf 92' lang='lat' dir='ltr'>et</span> <span class='ocrx_word' id='word_1_176' title='bbox 504 2190 699 2256; x_wconf 84' lang='lat' dir='ltr'>pacifice</span> <span class='ocrx_word' id='word_1_177' title='bbox 718 2190 838 2254; x_wconf 88' lang='lat' dir='ltr'>juris</span> <span class='ocrx_word' id='word_1_178' title='bbox 859 2189 1029 2236; x_wconf 90' lang='lat' dir='ltr'>ordine</span> <span class='ocrx_word' id='word_1_179' title='bbox 1052 2189 1408 2237; x_wconf 75' lang='lat' dir='ltr'>defendebant³,</span> 
     </span>
    </p>
   </div>
   <div class='ocr_carea' id='block_1_3' title="bbox 422 2337 1854 2865">
    <p class='ocr_par' dir='ltr' id='par_1_4' title="bbox 422 2337 1854 2627">
     <span class='ocr_line' id='line_1_26' title="bbox 422 2337 1853 2390; baseline 0.001 -12"><span class='ocrx_word' id='word_1_180' title='bbox 422 2343 430 2348; x_wconf 73' lang='lat'><strong><em>‘</em></strong></span> <span class='ocrx_word' id='word_1_181' title='bbox 488 2343 506 2378; x_wconf 87' lang='lat'><strong>1</strong></span> <span class='ocrx_word' id='word_1_182' title='bbox 518 2371 528 2381; x_wconf 93' lang='lat'><strong>.</strong></span> <span class='ocrx_word' id='word_1_183' title='bbox 558 2343 728 2379; x_wconf 84' lang='lat' dir='ltr'>Inexact.</span> <span class='ocrx_word' id='word_1_184' title='bbox 750 2339 868 2378; x_wconf 89' lang='lat' dir='ltr'>Louis</span> <span class='ocrx_word' id='word_1_185' title='bbox 887 2338 935 2377; x_wconf 92' lang='lat' dir='ltr'>de</span> <span class='ocrx_word' id='word_1_186' title='bbox 952 2337 1135 2376; x_wconf 89' lang='lat' dir='ltr'>Bourbon</span> <span class='ocrx_word' id='word_1_187' title='bbox 1151 2350 1372 2389; x_wconf 71' lang='lat' dir='ltr'>commenca</span> <span class='ocrx_word' id='word_1_188' title='bbox 1391 2351 1462 2390; x_wconf 84' lang='lat' dir='ltr'>par</span> <span class='ocrx_word' id='word_1_189' title='bbox 1472 2338 1572 2386; x_wconf 85' lang='lat' dir='ltr'>jeter</span> <span class='ocrx_word' id='word_1_190' title='bbox 1586 2337 1771 2377; x_wconf 84' lang='lat' dir='ltr'>l’interdit</span> <span class='ocrx_word' id='word_1_191' title='bbox 1785 2353 1853 2379; x_wconf 87' lang='lat' dir='ltr'>sur</span> 
     </span>
     <span class='ocr_line' id='line_1_27' title="bbox 435 2397 1853 2451; baseline -0.001 -12"><span class='ocrx_word' id='word_1_192' title='bbox 435 2414 478 2439; x_wconf 89' lang='lat' dir='ltr'>sa</span> <span class='ocrx_word' id='word_1_193' title='bbox 496 2399 587 2439; x_wconf 87' lang='lat' dir='ltr'>ville</span> <span class='ocrx_word' id='word_1_194' title='bbox 606 2399 777 2447; x_wconf 74' lang='lat' dir='ltr'>(Janvier</span> <span class='ocrx_word' id='word_1_195' title='bbox 795 2401 920 2447; x_wconf 83' lang='lat'>1463)</span> <span class='ocrx_word' id='word_1_196' title='bbox 931 2414 943 2446; x_wconf 91' lang='lat'>;</span> <span class='ocrx_word' id='word_1_197' title='bbox 964 2399 1050 2450; x_wconf 90' lang='lat' dir='ltr'>puis</span> <span class='ocrx_word' id='word_1_198' title='bbox 1068 2398 1124 2436; x_wconf 86' lang='lat' dir='ltr'>les</span> <span class='ocrx_word' id='word_1_199' title='bbox 1141 2397 1316 2450; x_wconf 65' lang='lat' dir='ltr'>Liegeois</span> <span class='ocrx_word' id='word_1_200' title='bbox 1331 2398 1435 2436; x_wconf 77' lang='lat' dir='ltr'>etant</span> <span class='ocrx_word' id='word_1_201' title='bbox 1454 2398 1548 2436; x_wconf 74' lang='lat' dir='ltr'>alles</span> <span class='ocrx_word' id='word_1_202' title='bbox 1572 2411 1613 2437; x_wconf 89' lang='lat' dir='ltr'>se</span> <span class='ocrx_word' id='word_1_203' title='bbox 1631 2399 1808 2451; x_wconf 87' lang='lat' dir='ltr'>plaindre</span> <span class='ocrx_word' id='word_1_204' title='bbox 1830 2402 1853 2438; x_wconf 74' lang='lat' dir='ltr'>a</span> 
     </span>
     <span class='ocr_line' id='line_1_28' title="bbox 434 2456 1854 2511; baseline -0.001 -13"><span class='ocrx_word' id='word_1_205' title='bbox 434 2463 572 2507; x_wconf 88' lang='lat' dir='ltr'>Rome,</span> <span class='ocrx_word' id='word_1_206' title='bbox 594 2459 631 2497; x_wconf 90' lang='lat' dir='ltr'>le</span> <span class='ocrx_word' id='word_1_207' title='bbox 649 2472 749 2511; x_wconf 91' lang='lat' dir='ltr'>pape</span> <span class='ocrx_word' id='word_1_208' title='bbox 767 2458 910 2510; x_wconf 77' lang='lat' dir='ltr'>deputa</span> <span class='ocrx_word' id='word_1_209' title='bbox 931 2458 968 2496; x_wconf 91' lang='lat' dir='ltr'>le</span> <span class='ocrx_word' id='word_1_210' title='bbox 993 2458 1094 2509; x_wconf 78' lang='lat' dir='ltr'>legat</span> <span class='ocrx_word' id='word_1_211' title='bbox 1122 2456 1216 2495; x_wconf 87' lang='lat' dir='ltr'>dont</span> <span class='ocrx_word' id='word_1_212' title='bbox 1233 2456 1260 2494; x_wconf 91' lang='lat' dir='ltr'>il</span> <span class='ocrx_word' id='word_1_213' title='bbox 1283 2465 1340 2495; x_wconf 89' lang='lat' dir='ltr'>est</span> <span class='ocrx_word' id='word_1_214' title='bbox 1370 2457 1547 2508; x_wconf 88' lang='lat' dir='ltr'>question</span> <span class='ocrx_word' id='word_1_215' title='bbox 1563 2457 1636 2508; x_wconf 89' lang='lat' dir='ltr'>ici,</span> <span class='ocrx_word' id='word_1_216' title='bbox 1664 2458 1791 2509; x_wconf 89' lang='lat' dir='ltr'>lequel</span> <span class='ocrx_word' id='word_1_217' title='bbox 1811 2472 1854 2498; x_wconf 83' lang='lat' dir='ltr'>se</span> 
     </span>
     <span class='ocr_line' id='line_1_29' title="bbox 433 2515 1851 2568; baseline -0.003 -10"><span class='ocrx_word' id='word_1_218' title='bbox 433 2519 620 2558; x_wconf 85' lang='lat' dir='ltr'>nommait</span> <span class='ocrx_word' id='word_1_219' title='bbox 637 2518 766 2556; x_wconf 86' lang='lat' dir='ltr'>Pierre</span> <span class='ocrx_word' id='word_1_220' title='bbox 786 2519 944 2555; x_wconf 79' lang='lat' dir='ltr'>Fer-rici.</span> <span class='ocrx_word' id='word_1_221' title='bbox 966 2517 1159 2554; x_wconf 88' lang='lat' dir='ltr'>Adrianus</span> <span class='ocrx_word' id='word_1_222' title='bbox 1175 2515 1224 2554; x_wconf 92' lang='lat' dir='ltr'>de</span> <span class='ocrx_word' id='word_1_223' title='bbox 1240 2516 1527 2565; x_wconf 87' lang='lat' dir='ltr'>Veteri-Bosco,</span> <span class='ocrx_word' id='word_1_224' title='bbox 1543 2516 1638 2555; x_wconf 84' lang='lat' dir='ltr'>dans</span> <span class='ocrx_word' id='word_1_225' title='bbox 1657 2517 1851 2568; x_wconf 82' lang='lat' dir='ltr'>l’Amplis-</span> 
     </span>
     <span class='ocr_line' id='line_1_30' title="bbox 433 2576 1099 2627; baseline -0.005 -11"><span class='ocrx_word' id='word_1_226' title='bbox 433 2580 527 2616; x_wconf 85' lang='lat' dir='ltr'>sima</span> <span class='ocrx_word' id='word_1_227' title='bbox 545 2579 723 2627; x_wconf 83' lang='lat' dir='ltr'>collectio,</span> <span class='ocrx_word' id='word_1_228' title='bbox 744 2586 773 2615; x_wconf 90' lang='lat' dir='ltr'>t.</span> <span class='ocrx_word' id='word_1_229' title='bbox 794 2579 861 2626; x_wconf 89' lang='lat' dir='ltr'>IV,</span> <span class='ocrx_word' id='word_1_230' title='bbox 881 2576 955 2615; x_wconf 94' lang='lat' dir='ltr'>col.</span> <span class='ocrx_word' id='word_1_231' title='bbox 980 2577 1099 2614; x_wconf 76' lang='lat'>1258.</span> 
     </span>
    </p>

    <p class='ocr_par' dir='ltr' id='par_1_5' title="bbox 432 2634 1849 2809">
     <span class='ocr_line' id='line_1_31' title="bbox 485 2634 1849 2688; baseline -0.001 -12"><span class='ocrx_word' id='word_1_232' title='bbox 485 2641 525 2676; x_wconf 75' lang='lat'>2.</span> <span class='ocrx_word' id='word_1_233' title='bbox 555 2638 587 2676; x_wconf 94' lang='lat' dir='ltr'>Il</span> <span class='ocrx_word' id='word_1_234' title='bbox 608 2638 691 2675; x_wconf 89' lang='lat' dir='ltr'>vint</span> <span class='ocrx_word' id='word_1_235' title='bbox 709 2636 871 2676; x_wconf 88' lang='lat' dir='ltr'>d&#39;abord</span> <span class='ocrx_word' id='word_1_236' title='bbox 890 2638 912 2674; x_wconf 77' lang='grc' dir='ltr'>ὲ</span> <span class='ocrx_word' id='word_1_237' title='bbox 927 2634 1266 2686; x_wconf 81' lang='lat' dir='ltr'>Aix-la-Chapelle</span> <span class='ocrx_word' id='word_1_238' title='bbox 1284 2636 1345 2682; x_wconf 89' lang='lat'>(31</span> <span class='ocrx_word' id='word_1_239' title='bbox 1371 2647 1472 2673; x_wconf 85' lang='lat' dir='ltr'>mars</span> <span class='ocrx_word' id='word_1_240' title='bbox 1490 2637 1608 2684; x_wconf 78' lang='lat'>1463)</span> <span class='ocrx_word' id='word_1_241' title='bbox 1636 2648 1736 2688; x_wconf 90' lang='lat' dir='ltr'>pour</span> <span class='ocrx_word' id='word_1_242' title='bbox 1754 2635 1849 2674; x_wconf 86' lang='lat' dir='ltr'>faire</span> 
     </span>
     <span class='ocr_line' id='line_1_32' title="bbox 432 2685 1847 2747; baseline -0.001 -11"><span class='ocrx_word' id='word_1_243' title='bbox 432 2698 487 2736; x_wconf 89' lang='lat' dir='ltr'>les</span> <span class='ocrx_word' id='word_1_244' title='bbox 505 2695 772 2735; x_wconf 86' lang='lat' dir='ltr'>informations</span> <span class='ocrx_word' id='word_1_245' title='bbox 792 2685 1042 2736; x_wconf 62' lang='lat' dir='ltr'>necessairizs.</span> <span class='ocrx_word' id='word_1_246' title='bbox 1065 2694 1207 2732; x_wconf 64' lang='lat' dir='ltr'>Tre-:ves</span> <span class='ocrx_word' id='word_1_247' title='bbox 1227 2694 1284 2732; x_wconf 90' lang='lat' dir='ltr'>fut</span> <span class='ocrx_word' id='word_1_248' title='bbox 1302 2694 1337 2732; x_wconf 91' lang='lat' dir='ltr'>le</span> <span class='ocrx_word' id='word_1_249' title='bbox 1354 2694 1432 2733; x_wconf 89' lang='lat' dir='ltr'>lieu</span> <span class='ocrx_word' id='word_1_250' title='bbox 1452 2694 1503 2736; x_wconf 84' lang='grc' dir='ltr'>οὺ</span> <span class='ocrx_word' id='word_1_251' title='bbox 1524 2695 1551 2732; x_wconf 91' lang='lat' dir='ltr'>il</span> <span class='ocrx_word' id='word_1_252' title='bbox 1570 2708 1613 2733; x_wconf 87' lang='lat' dir='ltr'>se</span> <span class='ocrx_word' id='word_1_253' title='bbox 1630 2703 1847 2747; x_wconf 65' lang='lat' dir='ltr'>transporta</span> 
     </span>
     <span class='ocr_line' id='line_1_33' title="bbox 432 2753 1471 2809; baseline -0.003 -14"><span class='ocrx_word' id='word_1_254' title='bbox 432 2770 534 2809; x_wconf 85' lang='lat' dir='ltr'>pour</span> <span class='ocrx_word' id='word_1_255' title='bbox 551 2768 771 2809; x_wconf 83' lang='lat' dir='ltr'>prononcer</span> <span class='ocrx_word' id='word_1_256' title='bbox 789 2755 827 2792; x_wconf 86' lang='lat' dir='ltr'>la</span> <span class='ocrx_word' id='word_1_257' title='bbox 844 2762 1036 2793; x_wconf 88' lang='lat' dir='ltr'>sentence.</span> <span class='ocrx_word' id='word_1_258' title='bbox 1066 2753 1210 2791; x_wconf 83' lang='lat' dir='ltr'>Ibidem</span> <span class='ocrx_word' id='word_1_259' title='bbox 1221 2784 1232 2801; x_wconf 92' lang='lat'>,</span> <span class='ocrx_word' id='word_1_260' title='bbox 1252 2753 1327 2791; x_wconf 91' lang='lat' dir='ltr'>col.</span> <span class='ocrx_word' id='word_1_261' title='bbox 1354 2755 1471 2792; x_wconf 74' lang='lat'><strong>1264.</strong></span> 
     </span>
    </p>

    <p class='ocr_par' dir='ltr' id='par_1_6' title="bbox 489 2813 1045 2865">
     <span class='ocr_line' id='line_1_34' title="bbox 489 2813 1045 2865; baseline -0.004 -10"><span class='ocrx_word' id='word_1_262' title='bbox 489 2820 524 2855; x_wconf 79' lang='lat'>3.</span> <span class='ocrx_word' id='word_1_263' title='bbox 556 2814 795 2865; x_wconf 81' lang='lat' dir='ltr'>Defendebat</span> <span class='ocrx_word' id='word_1_264' title='bbox 809 2813 904 2852; x_wconf 88' lang='lat' dir='ltr'>dans</span> <span class='ocrx_word' id='word_1_265' title='bbox 922 2813 959 2851; x_wconf 90' lang='lat' dir='ltr'>le</span> <span class='ocrx_word' id='word_1_266' title='bbox 974 2826 1045 2853; x_wconf 71' lang='grc' dir='ltr'>ηις.</span> 
     </span>
    </p>
   </div>
  </div>
 </body>
</html>
