2054 3470
371 346 446 382 302
731 351 1067 390 HISTORIARUM
1094 353 1329 393 LUDOVICI
1357 356 1412 392 XI

367 432 449 479 illo
470 434 632 499 copias
663 436 816 495 misit,
842 446 984 502 atque
1010 439 1248 488 civitatem
1275 441 1448 505 ipsam,
1473 442 1521 487 in
1552 458 1647 506 qua
1674 455 1773 492 erat

367 511 495 560 idem
516 529 708 576 comes,
734 514 986 564 obsidione
1000 517 1156 566 valida
1177 520 1436 583 constringi
1455 520 1578 566 fecit.
1603 523 1773 570 Comes

365 600 524 637 autem
556 601 627 652 et,
667 609 791 657 quos
824 610 986 641 secum
1016 595 1250 655 habebat,
1290 598 1470 643 streuui
1506 607 1554 653 et
1594 599 1801 663 experti'

364 684 608 717 armorum
639 671 808 719 milites
833 673 1029 720 viriliter
1051 684 1099 721 et
1125 675 1339 723 animose
1369 692 1419 722 se
1451 685 1497 722 et
1530 677 1770 725 civitatem

364 746 713 808 defendebant3
740 749 801 796 ita
826 759 879 795 ut
900 749 960 796 de
982 751 1187 798 exercitu
1207 753 1352 816 regis,
1378 753 1460 816 qui
1483 769 1565 800 eos
1588 770 1772 818 preme·

363 821 443 869 bat
474 823 714 885 obsessos,
736 825 966 890 plurimos
995 828 1306 891 perimerent,
1334 829 1393 875 de
1414 828 1656 893 peditibus
1681 847 1770 894 po·
1803 855 1808 860 ·

363 896 562 956 tissime,
588 914 711 961 quos
744 898 931 946 francos
967 900 1230 963 sagittarios
1262 910 1452 948 vocant.
1493 901 1587 948 Sed
1626 918 1766 962 cum,

363 976 590 1039 temporis
624 976 852 1035 decursu,
881 977 1009 1041 ipsos
1042 977 1262 1025 obsessos
1297 989 1592 1027 commeatus
1625 989 1671 1026 et
1694 996 1768 1026 re-

362 1067 469 1097 rum
509 1053 612 1099 usui
651 1053 1022 1101 necessariarum
1061 1054 1225 1119 inopia
1272 1065 1534 1120 premeret,
1572 1057 1769 1103 tentavit

361 1129 463 1192 ipse
497 1146 660 1178 comes
691 1147 802 1178 cum
834 1130 1036 1177 ducibus
1069 1141 1118 1178 et
1156 1132 1390 1196 magistris
1436 1133 1612 1180 militiae
1649 1134 1768 1197 regis

359 1220 651 1269 componere
665 1244 676 1266 ,
703 1217 1094 1272 opportunasque
1117 1207 1208 1254 sibi
1226 1209 1358 1273 pacis
1375 1209 1676 1257 conditiones
1698 1210 1768 1256 in-

359 1284 536 1331 venire.
579 1287 708 1342 Quas
739 1302 876 1346 cum,
914 1286 982 1332 uti
1015 1285 1269 1350 poscebat,
1305 1287 1500 1334 minime
1532 1285 1649 1345 sibi,
1685 1287 1768 1334 sed

358 1359 447 1406 sub
478 1363 616 1408 certis
652 1362 882 1410 duntaxat
921 1363 1030 1409 satis
1067 1363 1205 1409 arctis
1244 1373 1290 1410 et
1332 1364 1541 1427 angustis
1587 1363 1769 1427 legibus

357 1437 471 1484 dare
495 1455 633 1503 posse
667 1450 952 1499 assererent,
978 1456 1005 1487 a
1043 1457 1151 1504 rege
1180 1457 1294 1488 vero
1333 1441 1686 1488 favorabiliores
1722 1450 1768 1489 et

356 1513 685 1563 clementiores
729 1516 886 1563 forsan
925 1526 1231 1581 accepturum
1273 1516 1374 1564 sore
1413 1517 1628 1565 diffidere
1666 1534 1766 1565 non

356 1592 546 1655 debere,
574 1595 772 1659 polliciti
794 1604 906 1642 sunt
933 1593 1090 1641 eidem
1113 1594 1265 1658 quod¹
1289 1611 1398 1641 eum
1420 1595 1481 1642 ad
1509 1583 1667 1658 regem
1691 1611 1768 1642 se-
1831 1580 1840 1590 ⁴

356 1687 469 1717 cure
491 1671 810 1732 deducerent,
847 1680 901 1718 ut
933 1671 994 1718 ab
1029 1687 1115 1734 eo,
1156 1672 1196 1717 si
1225 1681 1409 1736 posset,
1434 1673 1632 1736 gratiam
1664 1687 1765 1720 am-

354 1748 556 1812 pliorem
580 1759 722 1813 atque
746 1748 1021 1796 uberiorem
1043 1758 1336 1814 reportaret3
1362 1749 1402 1796 si
1423 1765 1537 1796 vero
1571 1748 1619 1795 id
1649 1764 1766 1795 con-

354 1827 487 1889 sequi
507 1842 532 1872 a
557 1842 665 1889 rege
689 1843 788 1873 non
815 1826 1012 1885 valeret,
1041 1825 1317 1892 oblatasque
1337 1825 1426 1873 sibi
1446 1826 1577 1890 pacis
1600 1824 1766 1871 condi-

354 1902 506 1948 tiones
530 1919 628 1949 non
654 1903 849 1951 duceret
866 1903 1180 1969 acceptandas
1193 1939 1206 1964 ,
1226 1904 1367 1950 etiam
1386 1919 1494 1949 eum
1517 1901 1629 1948 inde
1651 1918 1762 1949 cum

354 1977 448 2026 fida
489 1989 534 2025 et
569 1980 797 2028 inviolata
830 1981 1103 2038 securitate,
1139 1997 1237 2044 quo
1278 1980 1441 2039 vellet,
1484 1978 1762 2026 reducturos

352 2055 535 2102 salvum
566 2058 914 2120 promiserunt,
952 2074 1102 2121 usque
1134 2057 1274 2103 etiam
1310 2056 1371 2103 ad
1409 2065 1634 2103 montana
1669 2071 1763 2103 suae

353 2131 484 2179 vallis
507 2135 689 2193 Aurae’,
718 2134 757 2180 si
780 2134 874 2180 hoc
897 2133 1205 2180 desideraret.

417 2208 515 2256 Sub
538 2209 709 2273 quibus
732 2209 1152 2274 promissionibus,
1182 2220 1227 2256 et
1250 2209 1310 2256 de
1337 2210 1447 2274 ipsis
1474 2209 1613 2274 plene
1641 2225 1758 2257 con·

352 2287 487 2348 fisus,
514 2306 625 2336 cum
651 2305 740 2354 pro
771 2299 986 2354 tempore
1006 2288 1253 2335 meliorem
1276 2304 1364 2334 suo
1384 2288 1646 2334 infortunio
1669 2289 1762 2335 exi-

351 2375 454 2413 tum
477 2383 575 2414 non
600 2366 805 2426 videret,
833 2367 969 2430 regiis
992 2367 1105 2431 ipsis
1136 2364 1337 2413 ducibus
1369 2375 1509 2428 atque
1532 2363 1760 2411 militibus

350 2454 620 2508 aperturam
641 2454 890 2508 portarum
915 2444 1048 2503 fecit,
1078 2460 1255 2507 eosque
1284 2443 1332 2488 in
1361 2458 1495 2488 suam
1524 2442 1758 2489 civitatem

349 2522 566 2587 recepit³.
602 2524 756 2579 Quam
789 2538 898 2568 cum
933 2521 1128 2584 ingressi
1161 2520 1380 2577 fuissent,
1419 2536 1627 2583 moxque
1663 2520 1759 2567 rixa

350 2599 566 2663 quaedam
590 2599 712 2645 inter
739 2599 946 2662 aliquem
971 2598 1031 2645 de
1056 2598 1151 2645 suis
1183 2608 1231 2644 et
1264 2597 1407 2644 alium
1443 2596 1503 2643 de
1528 2597 1758 2645 militibus

404 2731 422 2766 1
434 2757 442 2765 .
471 2730 538 2766 Ad
552 2740 602 2766 au
620 2727 698 2766 lieu
715 2726 762 2765 de
780 2730 882 2778 quod
897 2727 993 2766 dans
1016 2728 1052 2767 le
1071 2741 1142 2767 ms·

401 2790 440 2826 2.
471 2791 569 2839 Voy.
591 2786 795 2835 ci-dessus,
818 2800 858 2838 p.
879 2789 970 2825 284.

402 2849 439 2885 3.
470 2850 522 2886 Le
543 2849 565 2885 5
590 2861 689 2885 mars
710 2850 823 2885 1473.
