2054 3470
340 327 417 363 298
702 325 1041 363 HISTORIARUM
1068 325 1303 364 LUDOVICI
1328 326 1386 362 XI

407 417 512 461 Dux
535 424 696 462 autem
719 414 1139 478 Burgundionum,
1164 413 1439 478 hujusmodi
1461 413 1626 462 litteris
1656 415 1744 463 du-

339 492 407 539 cis
442 491 690 539 Britanniae
730 508 841 539 cum
883 491 1182 556 processibus
1217 492 1464 539 antedictis
1493 493 1741 557 susceptis,

340 568 646 616 vehementer
697 570 746 615 in
792 585 952 631 regem
1006 569 1075 615 ira
1128 579 1324 634 propter
1376 568 1469 616 hoc
1521 585 1747 616 accensus

338 647 452 710 (qui
499 647 795 710 exploratum
839 646 949 693 satis
993 645 1230 703 habebat,
1278 645 1349 691 sui
1395 661 1564 706 causa,
1613 645 1746 710 quod

339 739 448 769 cum
485 740 543 770 eo
578 740 627 770 se
661 722 952 780 foederasset,
981 723 1134 787 ipsum
1171 723 1427 786 Aquitaniae
1449 724 1620 770 ducem
1647 734 1743 771 tam

338 800 590 848 crudeliter
635 810 774 864 atque
818 800 1140 847 inhumaniter
1187 800 1328 847 fuisse
1373 800 1643 863 necatum),
1684 802 1746 850 ad

339 880 568 926 ultionem
604 895 700 925 suae
734 878 862 925 necis
899 887 946 924 et
979 888 1076 924 tam
1108 877 1337 924 horrendi
1372 877 1612 925 fratricidii
1651 895 1745 925 no-

339 971 446 1002 vam
493 955 716 1002 adversus
758 971 941 1017 regem,
982 954 1103 1000 ultra
1142 955 1347 1019 priores,
1393 954 1633 1018 querelam
1668 971 1745 1002 ac-

339 1034 488 1098 cepit;
527 1033 938 1097 quemadmodum
972 1048 1058 1096 per
1096 1048 1203 1078 suas
1241 1031 1486 1096 epistolas,
1526 1048 1644 1095 quas
1683 1033 1744 1079 ad

338 1111 544 1173 singulas
581 1112 793 1158 civitates
823 1120 869 1156 et
902 1108 1078 1173 oppida
1106 1117 1336 1156 terrarum
1368 1125 1560 1155 suarum
1594 1119 1746 1156 trans·
1782 1171 1786 1175 .

338 1188 463 1234 misit
485 1190 520 1246 ¹,
571 1187 829 1244 indicavit3
868 1185 1074 1232 ultorem
1117 1185 1329 1248 ejusdem
1369 1185 1497 1232 necis
1533 1202 1582 1232 se
1619 1185 1747 1233 futu-

338 1282 445 1311 rum
491 1264 750 1329 recipiens,
799 1272 1031 1326 quantum
1066 1261 1155 1309 sibi
1196 1278 1335 1326 posse
1381 1262 1616 1309 Dominus
1659 1262 1747 1310 do-

338 1351 488 1388 naret.

405 1418 540 1465 Unde
563 1426 715 1465 castra
731 1433 787 1463 ex
811 1416 1008 1464 Belvaco
1027 1431 1249 1477 movens,
1271 1431 1454 1480 suaque.
1467 1432 1638 1480 parum
1657 1417 1747 1465 sibi

339 1497 483 1543 fausta
518 1495 769 1542 obsidione
804 1494 1006 1551 soluta’,
1040 1494 1130 1540 iter
1160 1511 1298 1540 suum
1321 1510 1487 1541 versus
1507 1497 1748 1542 Norman-

337 1575 466 1620 niam
483 1573 668 1620 direxit.
692 1572 781 1620 Ubi
797 1588 908 1620 cum
926 1588 1064 1635 agros
1085 1571 1262 1636 ubique
1285 1571 1548 1620 cultoribus
1570 1589 1747 1620 vacuos

340 1651 598 1710 inveniret,
623 1651 708 1715 qui
729 1667 840 1697 cum
856 1648 1138 1697 animalibus
1160 1658 1206 1696 et
1224 1648 1383 1696 bobus
1397 1650 1411 1673 ⁸
1429 1687 1441 1710 ,
1464 1666 1568 1714 quae
1587 1667 1747 1698 secum

339 1728 460 1775 ferre
484 1737 704 1793 poterant
717 1764 729 1785 ‚
750 1728 973 1774 silvarum
988 1725 1184 1774 latibula
1205 1743 1288 1774 seu
1303 1727 1584 1774 remotiores
1599 1737 1748 1775 terras

339 1822 396 1852 ex
419 1807 548 1870 regio
571 1805 799 1853 mandato
827 1805 1077 1869 petierant,
1099 1803 1248 1862 villas,
1274 1820 1463 1867 quaqua
1489 1804 1746 1859 transitum

338 1883 560 1941 faciebat,
586 1884 695 1946 igne
709 1881 955 1947 populavit
970 1891 1017 1927 et
1033 1881 1244 1927 vastavit.
1266 1879 1359 1926 Sed
1375 1889 1422 1927 et
1437 1879 1719 1944 oppidulum
1731 1915 1743 1938 ,

339 1960 471 2022 quod
506 1959 959 2007 Castrum-Novum*
989 1956 1268 2022 appellatur,
1294 1955 1642 2002 habitatoribus
1671 1956 1749 2002 in-

340 2037 534 2083 veniens
570 2052 797 2093 vacuum,
836 2033 1049 2080 similiter
1083 2032 1311 2079 incendit.
1355 2035 1582 2079 Putarunt
1620 2049 1748 2079 non-

338 2113 455 2160 nulli
468 2113 599 2176 quod
611 2150 622 2171 ,
640 2112 700 2159 ad
718 2112 965 2158 ferendum
977 2110 1147 2157 auxilia
1164 2110 1274 2156 duci
1293 2110 1561 2171 Britanniae,
1579 2119 1749 2157 contra

339 2207 482 2254 quem
502 2188 810 2255 personaliter
828 2205 909 2235 rex
931 2188 1184 2235 exercitum
1212 2203 1439 2249 magnum
1461 2197 1508 2233 et
1529 2186 1744 2234 validum

397 2356 411 2390 1
426 2383 434 2391 .
465 2355 517 2390 Le
535 2360 636 2389 texte
661 2351 709 2389 de
735 2359 830 2389 cette
851 2351 961 2389 lettre
979 2357 1035 2388 est
1051 2351 1071 2387 ὲ
1089 2349 1127 2387 la
1145 2348 1243 2387 suite
1261 2347 1313 2386 du
1333 2347 1548 2386 Commines
1572 2347 1622 2387 de
1640 2351 1745 2386 Len-

339 2414 417 2466 glet
438 2413 670 2463 Dufresnoy,
694 2420 723 2450 t.
742 2414 821 2461 III,
840 2425 878 2463 p.
902 2412 995 2450 198.
1015 2409 1098 2447 Elle
1116 2417 1172 2447 est
1191 2408 1299 2446 datee
1324 2407 1376 2445 du
1397 2410 1445 2445 16
1464 2407 1590 2455 juillet
1619 2409 1722 2445 1472
1735 2437 1745 2455 ‚

340 2488 390 2513 au
408 2487 518 2524 camp
541 2471 682 2511 devant
710 2471 912 2510 Beauvais.
943 2473 1043 2510 C'est
1063 2468 1174 2506 d'elle
1202 2480 1278 2519 que
1300 2466 1464 2504 Thomas
1494 2466 1606 2504 Basin
1628 2479 1651 2504 a
1676 2465 1748 2504 tire

341 2541 423 2572 tout
439 2547 484 2571 ce
501 2531 594 2583 qu’il
614 2531 670 2570 dit
685 2545 751 2570 sur
768 2531 806 2570 la
826 2540 926 2569 mort
944 2531 996 2569 du
1016 2530 1090 2568 duc
1108 2529 1155 2567 de
1175 2527 1366 2574 Guienne,
1390 2534 1470 2564 tant
1489 2525 1583 2564 dans
1601 2525 1638 2563 le
1659 2525 1748 2576 pre-

342 2601 425 2631 sent
450 2591 643 2644 chapitre‚
680 2603 757 2642 que
787 2590 882 2629 dans
905 2590 942 2628 le
960 2589 1130 2641 chapiffe
1149 2601 1216 2626 xm
1235 2586 1287 2625 du
1311 2586 1412 2624 livre
1434 2588 1489 2624 111
1503 2617 1512 2635 ,
1538 2584 1744 2632 ci-dessus,

374 2682 381 2689 .
404 2652 496 2689 287.

342 2666 369 2704 p
395 2713 434 2749 2.
466 2713 518 2748 Le
540 2711 590 2748 22
612 2708 738 2758 juillet
756 2710 874 2748 1472.

398 2773 436 2809 3.
464 2773 557 2809 Sans
575 2769 690 2808 doute
708 2769 732 2806 il
753 2769 833 2807 faut
846 2767 917 2806 lire
939 2767 1047 2804 rebus
1065 2778 1114 2804 au
1129 2764 1206 2803 lieu
1226 2763 1273 2802 de
1294 2763 1418 2803 bobus.

399 2833 435 2867 4.
470 2828 688 2868 Neufchatel
706 2842 754 2866 en
774 2827 876 2866 Brai.
