2054 3470
349 356 425 392 300
710 357 1048 395 HISTORIARUM
1074 359 1309 396 LUDOVICI
1337 360 1392 396 XI

346 443 726 504 conestabularii,
752 445 1043 510 imputarent
1065 446 1197 510 quod
1220 463 1318 495 non
1341 447 1480 497 fuerit
1503 465 1612 495 cum
1639 453 1750 496 Bur·

345 520 667 583 gundionibus
691 521 982 569 dimicatum.
1022 523 1165 580 Quod
1189 534 1372 570 certum
1399 525 1604 571 multum
1625 526 1748 572 veri-

345 596 495 643 simile
527 607 618 658 est;
656 599 765 661 quia
790 599 916 646 idem
939 616 1100 647 comes
1123 600 1248 647 ultro
1283 601 1498 664 citroque
1532 601 1750 666 proditor

343 674 573 737 pessimus
605 685 727 733 erat,
763 676 1173 740 quemadmodum
1205 677 1392 742 plenius
1426 679 1476 724 in
1510 679 1747 743 sequenti-

342 750 431 798 bus
455 752 720 817 apparebit.

406 832 526 876 Cum
563 838 721 876 autem
749 845 899 893 prope
930 830 1276 894 Rothomagum
1308 847 1395 897 per
1429 842 1636 896 quatuor
1666 843 1748 880 aut

341 910 555 973 quinque
589 909 690 956 dies
727 919 879 957 castra
902 920 1102 958 metatus
1141 910 1301 958 fuisset
1316 948 1327 970 ,
1353 929 1439 976 per
1460 912 1600 959 aliam
1622 913 1748 960 viam

340 986 402 1034 ad
426 986 543 1033 fines
570 1004 682 1033 suos
703 996 968 1047 revertens,
997 989 1225 1046 similiter,
1259 991 1327 1036 uti
1350 991 1398 1036 in
1422 991 1659 1038 veniendo
1682 991 1743 1038 fe·

340 1073 489 1122 cerat,
524 1063 657 1111 villas
692 1080 860 1111 omnes
897 1065 1132 1127 vastabat3
1171 1067 1588 1132 percursandoque
1611 1084 1748 1132 agros

341 1140 644 1188 Belvacenses
672 1151 716 1188 et
743 1142 1142 1190 Viromandenses
1164 1160 1219 1190 ac
1255 1144 1617 1192 Noviomenses¹
1634 1181 1647 1204 ,
1672 1162 1750 1192 us·-

341 1233 435 1281 que
477 1217 538 1264 ad
577 1217 754 1264 flumen
798 1221 957 1277 lsarae,
990 1220 1152 1266 omnia
1190 1219 1469 1285 populando
1512 1220 1744 1280 lustravit,

341 1295 610 1358 multasque
646 1311 776 1341 arces
810 1305 856 1341 et
888 1295 1100 1355 castella,
1139 1297 1188 1343 in
1225 1296 1399 1361 quibus
1435 1297 1591 1344 minus
1615 1307 1748 1345 erant

341 1371 626 1419 sufficientes
651 1372 965 1433 munitiones,
991 1373 1066 1420 vel
1091 1375 1160 1434 vi,
1185 1375 1260 1422 vel
1286 1374 1527 1421 deditione
1549 1375 1743 1440 recepit.

340 1453 435 1496 Nec
467 1466 495 1496 a
522 1449 601 1496 tali
622 1450 958 1514 pervagatione
980 1460 1026 1497 et
1045 1450 1355 1516 populatione
1383 1463 1469 1516 per
1501 1460 1647 1501 terras
1676 1468 1749 1499 re-

339 1526 428 1588 gis,
478 1536 835 1591 castrorumque
881 1527 1056 1591 ubique
1087 1528 1498 1575 circumductione
1531 1529 1743 1590 cessavit,

338 1601 495 1649 donec
529 1602 811 1649 adveniente
839 1612 886 1649 et
919 1604 1120 1650 instante
1151 1603 1335 1664 hieme,
1369 1604 1491 1650 inter
1523 1620 1680 1668 regem
1703 1615 1749 1652 et

339 1679 495 1742 ipsum
519 1679 717 1738 iterum,
753 1678 842 1726 sub
878 1696 962 1744 spe
994 1680 1355 1728 reconciliandae
1387 1681 1538 1745 pacis,
1576 1690 1748 1745 treugae

340 1767 488 1821 captae
509 1766 555 1803 et
577 1755 771 1804 firmatae
791 1767 948 1804 essent
963 1795 973 1815 ,
999 1757 1235 1805 duraturae
1266 1775 1350 1822 per
1365 1758 1573 1805 hiemem
1597 1775 1746 1822 usque

339 1833 399 1880 ad
425 1834 644 1880 calendas
672 1834 780 1881 maii
797 1836 827 1880 ’.
852 1836 968 1891 Quae
991 1835 1300 1899 postmodum
1323 1835 1463 1881 etiam
1490 1835 1659 1882 exinde
1682 1835 1742 1883 ad

341 1923 522 1954 annum
543 1909 780 1971 integrum
805 1918 1066 1972 prorogatae
1086 1908 1293 1956 fuerunt.

817 2085 1155 2144 CAP1TULUM
1198 2100 1278 2144 111.

525 2216 576 2250 De
591 2215 682 2250 dolis
699 2215 836 2250 comitis
851 2215 1041 2250 Arminiaci
1067 2215 1240 2262 ipsiusque
1260 2215 1353 2250 caede
1373 2224 1406 2250 et
1422 2216 1566 2250 civitatis

770 2280 839 2302 suae
855 2269 1072 2302 Lectorensis
1086 2268 1309 2303 crematione.

403 2385 530 2430 Licet
548 2392 705 2430 autem
721 2382 995 2446 hujusmodi
1013 2392 1186 2445 treugae
1201 2383 1419 2429 nonnihil
1435 2382 1746 2430 commodita-

337 2462 395 2508 tis
423 2460 511 2508 sibi
530 2460 856 2525 importarint,
878 2469 1019 2523 atque
1042 2461 1183 2506 etiam
1206 2460 1317 2506 duci
1341 2461 1612 2519 Britanniae,
1633 2461 1739 2523 qui,

341 2538 449 2585 licet
471 2537 648 2584 viribus
670 2537 865 2583 inferior
891 2546 937 2583 et
958 2535 1016 2582 ad
1042 2536 1448 2600 congrediendum
1472 2537 1569 2600 regi
1591 2537 1744 2601 impar

393 2666 432 2703 ⁴1,
462 2663 798 2700 Noviomandenses
818 2661 912 2699 dans
927 2661 963 2699 le
981 2674 1052 2699 ms.

393 2723 430 2759 2.
462 2723 566 2759 Cette
585 2722 714 2769 treve,
734 2720 835 2773 prise
854 2722 889 2758 le
913 2723 935 2759 3
954 2719 1166 2759 novembre
1187 2723 1304 2771 1472,
1332 2721 1461 2760 devait
1481 2721 1598 2760 durer
1613 2722 1740 2760 seule-

337 2788 441 2819 ment
457 2780 637 2832 jusqu’au
676 2783 728 2818 1·‘
755 2779 866 2818 avril.
901 2779 1060 2831 Lenglet
1090 2781 1321 2832 Dufresnoy,
1351 2784 1578 2828 commines,
1607 2789 1635 2819 t.
1665 2782 1742 2826 111,

338 2852 377 2889 p.
403 2840 493 2879 231.
