2054 3470
393 317 468 367 254
756 318 1096 354 HISTORIARUM
1124 317 1363 355 LUDOVICI
1389 319 1445 355 XI

456 403 639 451 Deinde
655 421 770 452 vero
788 421 949 452 mense
972 405 1212 453 februario
1228 415 1309 453 aut
1328 407 1452 452 circa
1471 405 1658 452 initium
1681 422 1804 454 mar-

391 480 482 539 tii¹,
503 498 654 546 prope
670 482 907 529 civitatem
924 483 1305 543 Ambianensem,
1325 483 1447 529 ultra
1468 484 1800 545 Summonam,

392 574 554 604 versus
573 560 943 619 Normanniam',
965 570 1117 606 castra
1128 559 1433 618 locaverunt,
1453 557 1726 624 ‘urbemque
1747 577 1805 607 ex

391 650 450 680 eo
474 633 619 681 latere
643 634 895 682 obsidione
917 636 1179 695 cinxerunt,
1203 636 1330 682 unde
1349 636 1594 700 potissime
1617 652 1806 700 sperare

392 721 614 776 poterant
636 714 679 759 ei
702 712 913 760 subsidia
941 729 1146 760 annonae
1181 723 1227 760 et
1247 723 1570 773 commeatus,
1609 730 1804 761 succur-

392 806 594 854 sumque
616 806 645 837 a
667 790 834 836 militia
854 791 975 853 regis
998 790 1173 838 debere
1195 791 1464 854 provenire.
1494 794 1544 836 In
1568 807 1662 854 qua
1680 790 1807 837 obsi·

392 865 670 928 dionaeum
691 876 810 913 esset
829 866 1108 929 Burgundiae
1128 867 1225 913 dux
1244 868 1355 913 cuni
1372 866 1531 914 valido
1550 876 1597 913 et
1619 868 1805 931 potenti

395 943 622 1003 exercitu,
649 952 931 1007 apparatum
956 960 1067 989 cum
1091 943 1224 989 omni
1241 943 1489 990 sedulitate
1513 943 1728 990 faciebat.

459 1019 710 1065 Edoardus
733 1035 839 1079 rex,
867 1020 914 1064 in
942 1018 1108 1080 Anglia
1129 1018 1399 1082 intelligens
1427 1036 1454 1066 a
1477 1036 1671 1066 suarum
1696 1036 1806 1085 par-

394 1095 512 1142 tium
535 1095 911 1160 spectatoribus,
938 1096 1019 1158 qui
1042 1095 1153 1141 inde
1182 1095 1243 1141 ad
1278 1112 1327 1141 se
1357 1096 1623 1159 frequentes
1652 1107 1806 1144 trans-

395 1172 653 1231 fretabant‚
681 1172 814 1236 qnod
836 1173 874 1219 si
896 1172 977 1218 illo
1001 1173 1142 1219 etiam
1168 1188 1279 1218 cum
1307 1189 1454 1236 parva
1493 1189 1639 1221 manu
1669 1191 1805 1221 evec-

394 1258 469 1295 tus
492 1259 628 1308 esset,
646 1249 855 1313 plurium
879 1248 1115 1295 nobilium
1139 1258 1280 1311 atque
1302 1249 1602 1312 plebeiorum
1624 1249 1807 1298 favores

392 1327 663 1387 invenireff,
687 1327 769 1390 qui
783 1328 883 1389 jam
902 1326 1026 1373 illius
1045 1326 1215 1391 perfidi
1238 1329 1307 1371 W
1302 1326 1459 1372 cll-vich
1479 1325 1651 1373 fastum
1665 1337 1808 1390 atque

393 1403 666 1468 superbiam
695 1404 893 1449 minime
926 1404 1046 1449 ferre
1079 1413 1274 1467 possent
1294 1405 1388 1449 ‘....
1431 1403 1618 1450 Invenit
1648 1413 1807 1450 autem

393 1483 493 1546 ipse
541 1481 790 1528 Edoardus
837 1482 886 1527 in
934 1481 1173 1527 littoribus
1217 1485 1250 1527 F
1253 1481 1446 1528 landriae
1488 1491 1534 1528 et
1577 1482 1808 1530 Zelandiae

394 1559 552 1623 plures
585 1575 729 1606 naves
763 1559 1155 1619 Teutonicorum,
1183 1575 1305 1622 quos
1329 1558 1624 1623 Osterlingos
1650 1560 1809 1625 appel·
1859 1618 1861 1624 Ι

392 1636 546 1697 lant⁵;
584 1624 782 1701 propter
819 1636 1052 1699 quasdam
1091 1636 1219 1682 enim
1249 1636 1469 1699 injurias,
1498 1653 1616 1700 quas
1655 1646 1752 1683 tam
1780 1653 1808 1684 a

393 1714 693 1775 Francigenis
732 1729 876 1776 quam
913 1713 1116 1776 Anglicis
1154 1702 1513 1777 praetendebant
1545 1713 1634 1760 sibi
1668 1714 1808 1760 fuisse

392 1791 648 1853 irrogatas,
679 1807 789 1836 cum
822 1790 983 1836 multis
1006 1790 1208 1837 navibus
1238 1790 1383 1836 armis
1410 1790 1651 1836 instructis
1685 1791 1810 1853 pira-

393 1866 553 1925 ticam,
590 1868 824 1930 praecipue
861 1876 1028 1913 contra
1066 1866 1226 1912 Gallos
1253 1876 1300 1912 et
1327 1866 1518 1928 Anglos,
1552 1865 1804 1926 faciebant,

394 1942 605 2005 illudque
639 1959 771 1990 mare
807 1943 1127 1989 Britannicum
1152 1943 1441 2006 quotidianis
1462 1942 1632 2007 praedis
1665 1953 1808 2007 atque

394 2020 573 2083 rapinis
598 2021 802 2083 graviter
823 2020 1123 2066 incessebant
1143 2021 1171 2065 ⁶.

448 2148 487 2184 1.
518 2147 569 2183 Ce
587 2146 643 2182 fut
662 2146 697 2183 le
718 2148 740 2183 6
760 2158 877 2183 mars.
899 2148 1081 2183 L’auteur
1096 2143 1286 2182 contredit
1303 2157 1374 2195 par
1391 2144 1428 2182 la
1447 2157 1490 2182 ce
1509 2145 1602 2195 qu'il
1623 2157 1646 2182 a
1665 2145 1810 2183 avance

394 2204 490 2242 dans
507 2205 545 2241 le
563 2204 734 2256 chapitre
753 2204 974 2255 precedent,
996 2216 1072 2254 que
1091 2204 1127 2241 le
1146 2203 1221 2240 duc
1240 2203 1288 2240 de
1307 2206 1539 2256 Bourgogne
1559 2204 1662 2242 avait
1674 2204 1768 2256 juge
1788 2207 1810 2242 a

393 2277 536 2315 propos
556 2263 769 2301 d'attendre
790 2263 826 2301 la
843 2263 943 2301 belle
964 2263 1089 2301 saison
1114 2275 1212 2314 pour
1233 2275 1476 2300 commencer
1495 2274 1554 2300 ses
1573 2261 1805 2313 operations.

448 2325 486 2361 2.
517 2325 634 2361 Entre
653 2322 936 2360 Pont-de-Mez
954 2331 993 2361 et
1011 2322 1117 2361 saint
1126 2321 1306 2361 —Acheul.

449 2384 486 2420 3.
513 2386 681 2419 Invenire
702 2381 796 2420 dans
815 2381 851 2420 le
871 2395 943 2421 ms,

447 2445 485 2481 4.
518 2443 549 2480 Il
568 2456 594 2493 y
613 2456 635 2480 a
654 2443 701 2480 ici
722 2456 797 2481 une
820 2443 956 2481 lacune
973 2442 1252 2488 considerable,
1276 2443 1446 2493 quoique
1465 2442 1501 2480 le
1520 2450 1623 2480 texte
1642 2454 1682 2479 se
1700 2443 1810 2481 suive

394 2516 481 2541 sans
489 2502 754 2553 “interruption
774 2502 868 2540 dans
887 2503 923 2539 le
943 2516 1014 2541 ms.

449 2565 487 2599 5.
518 2564 617 2600 C’est
642 2562 678 2599 le
702 2575 793 2599 nom
820 2564 937 2612 qu'on
964 2562 1121 2600 donnait
1146 2575 1221 2600 aux
1242 2561 1384 2599 mat-ins
1404 2570 1442 2599 et
1460 2561 1688 2600 marchands
1707 2562 1810 2601 dela

395 2623 498 2673 ligne
517 2621 780 2672 hanseatique.

450 2683 487 2718 6.
519 2680 606 2718 Ceci
624 2690 716 2731 peut
734 2680 858 2718 servir
878 2680 925 2718 de
945 2682 1217 2719 commentaire
1234 2684 1255 2719 a
1271 2681 1503 2730 Commines‚
1525 2682 1592 2732 qui
1612 2681 1667 2719 dit
1685 2681 1810 2720 seule-

396 2748 501 2778 ment
523 2755 531 2776 :
558 2757 575 2774 «
599 2742 701 2777 Pour
729 2753 773 2778 ce
800 2749 921 2791 temps
945 2740 999 2777 les
1023 2741 1207 2778 Ostrelins
1235 2740 1395 2779 estoient
1420 2753 1604 2794 ennemys
1631 2741 1699 2780 des
1723 2744 1808 2779 An-

396 2800 509 2850 glois‚
532 2808 569 2837 et
586 2799 688 2837 aussi
709 2799 776 2837 des
798 2802 1004 2850 Francoys.
1028 2816 1043 2833 υ
1067 2803 1111 2838 L.
1133 2802 1205 2849 111,
1225 2801 1286 2839 ch.
1309 2814 1347 2838 v.
