2054 3470
334 297 410 335 168
699 297 1039 337 HISTORIARUM
1065 300 1301 339 LUDOVICI
1326 302 1383 339 XI

332 385 507 433 Hericii
529 402 682 451 prope
706 385 909 434 Parisios
929 387 1087 435 adhuc
1107 388 1350 436 detinebat
1367 408 1379 449 3
1409 406 1466 437 ex
1488 405 1584 454 qua
1598 389 1744 440 filiam

332 464 521 511 unicam
546 466 854 529 susceperat¹.
888 468 947 512 Et
967 482 1242 530 quanquam
1274 466 1366 514 tale
1395 467 1552 514 sortiri
1576 456 1746 532 conju-

331 543 460 607 gium
486 541 566 606 (eo
598 542 730 606 quod
757 541 1033 605 hujusmodi
1060 543 1179 602 filia,
1204 561 1293 591 nec
1318 554 1506 592 matura
1527 545 1632 592 viro
1655 561 1745 593 nec

329 619 391 668 ad
412 619 688 684 complexus
711 619 866 666 viriles
884 619 946 666 ad
967 636 1120 667 annos
1139 621 1315 685 plures,
1342 621 1406 668 ob
1424 622 1742 685 juventutem,
1760 658 1762 661 -

330 696 502 744 habilis
541 712 641 744 esse
677 697 919 762 poterat²)
958 714 1046 744 nec
1082 697 1171 744 sibi
1205 715 1294 746 nec
1337 716 1534 746 suorum
1571 699 1747 746 accolis

333 774 660 822 dominiorum
700 773 926 838 placitum
960 775 1070 821 satis
1102 785 1252 837 esset,
1294 785 1453 823 tamen
1491 786 1543 822 ut
1577 792 1747 841 accep-

335 862 437 898 tum
458 861 741 916 gratumque
763 851 852 898 sibi
874 850 1009 898 fieret
1038 868 1120 898 rex
1148 852 1409 917 plurimum
1431 870 1598 900 curare
1621 853 1748 901 vide-

332 927 490 990 batur,
517 929 799 994 promittens
821 929 981 988 etiarn,
1009 928 1133 978 dotis
1156 930 1367 989 nomine,
1392 930 1574 995 amplas
1600 940 1748 978 terras

334 1006 523 1070 lataque
539 1006 754 1053 dominia
767 1023 816 1052 se
832 1005 1073 1053 daturum.
1095 1005 1292 1053 Aiebant
1306 1007 1451 1066 enim,
1467 1016 1514 1054 et
1527 1008 1593 1055 ita
1603 1007 1746 1072 vulgo

336 1083 575 1131 ferebatur
607 1118 619 1143 ‚
665 1082 799 1147 quod
836 1083 880 1130 ei
919 1083 1110 1131 offerret
1143 1083 1258 1130 dare
1294 1085 1604 1149 Campaniam
1636 1101 1747 1132 cum

336 1160 581 1208 nonnullis
605 1160 706 1207 aliis
727 1161 865 1207 terris
888 1159 1258 1224 adjacentibus⁸.

400 1240 528 1295 Quas
547 1254 676 1297 cum,
699 1245 862 1284 utrum
879 1238 989 1284 satis
1009 1254 1174 1284 secure
1189 1238 1421 1302 accipere,
1441 1238 1542 1302 ipse
1559 1237 1750 1285 illustris

334 1331 497 1362 comes
525 1314 788 1378 ambigeret
817 1331 900 1361 seu
929 1314 1195 1376 diffideret,
1233 1315 1360 1361 misit
1395 1315 1597 1362 Parisios
1629 1331 1751 1361 non-

335 1393 493 1439 nullos
515 1393 693 1457 peritos
713 1392 834 1456 juris
858 1393 919 1440 de
941 1410 1029 1440 suo
1063 1393 1289 1451 consilio,
1325 1393 1409 1458 qui
1438 1393 1534 1440 illic
1557 1394 1753 1459 perqui-

335 1482 495 1520 rerent
538 1489 594 1520 ac
640 1474 975 1538 investigarent
1018 1473 1270 1537 diligenter
1287 1510 1300 1535 ,
1346 1474 1386 1521 si
1428 1473 1687 1539 aliquando
1722 1490 1752 1522 a

334 1549 526 1613 regibus
539 1553 835 1597 Francorum
853 1551 950 1598 suis
968 1549 1155 1598 filiabus
1172 1551 1283 1598 talia
1297 1567 1352 1598 ac
1371 1560 1502 1599 tanta
1517 1561 1752 1599 terrarum

337 1627 554 1675 dominia
586 1629 635 1674 in
674 1628 840 1676 dotem
870 1629 1102 1693 assignata
1142 1629 1340 1676 fuissent
1360 1666 1372 1690 ‚
1419 1629 1547 1690 dum
1580 1630 1754 1695 nuptui

339 1706 682 1754 traderentur&
715 1707 810 1763 Qui
835 1706 1030 1771 quidem
1047 1743 1059 1766 ,
1097 1723 1208 1754 cum
1235 1717 1451 1755 exactam
1481 1707 1542 1754 de
1568 1706 1664 1754 hoc
1695 1724 1754 1755 ac

393 1838 431 1875 1.
462 1835 584 1874 Marie
603 1835 651 1875 de
669 1839 902 1889 Bourgogne
917 1866 928 1885 ‚
949 1836 1136 1875 duchesse
1155 1836 1268 1889 apres
1291 1836 1330 1875 la
1353 1844 1454 1874 mort
1472 1836 1521 1875 de
1537 1836 1695 1876 Charles
1717 1836 1754 1876 le

338 1896 572 1935 Temeraire.

395 1957 432 1994 2.
465 1955 548 1993 Elle
567 1955 657 1993 etait
682 1955 755 1994 nee
785 1969 833 1994 en
864 1957 982 2001 1461,
1004 1968 1075 2007 par
1096 1954 1331 2006 consequent
1353 1954 1497 1993 n’avait
1520 1967 1661 1994 encore
1678 1968 1754 2007 que

341 2025 476 2068 quatre
509 2030 578 2055 ans
598 2047 608 2064 ‚
648 2017 802 2068 lorsque
841 2017 878 2055 le
916 2025 1041 2055 comte
1078 2017 1127 2054 de
1157 2017 1353 2056 Ch'arolais
1389 2030 1438 2055 en
1474 2016 1577 2056 avait
1609 2026 1755 2056 trente-

339 2086 447 2115 trois.

394 2138 431 2174 3.
463 2137 564 2174 C'est
591 2148 640 2173 en
667 2135 758 2174 esset
787 2148 831 2173 ce
860 2135 927 2186 qui
957 2144 1013 2174 est
1041 2144 1208 2175 contenu
1237 2136 1332 2175 dans
1358 2137 1394 2175 le
1422 2137 1548 2189 projet
1577 2136 1706 2174 dressc
1734 2137 1757 2174 a

340 2194 642 2233 Villiers-le-Bel
661 2225 671 2241 ,
698 2195 734 2233 16
753 2196 775 2232 3
791 2194 1006 2232 novembre
1026 2197 1145 2234 1465.
1168 2196 1199 2233 Ι1
1219 2204 1276 2234 est
1294 2196 1348 2234 dit
1368 2196 1416 2235 de
1432 2196 1539 2248 plus,
1559 2209 1635 2247 que
1655 2209 1757 2247 pour

341 2255 617 2306 dedommager
647 2255 686 2293 le
714 2262 840 2293 comte
869 2254 917 2292 de
943 2268 984 2292 sa
1011 2254 1154 2306 longue
1185 2264 1327 2294 attente
1355 2256 1510 2307 jusqu'a
1539 2270 1583 2294 ce
1607 2268 1685 2306 que
1713 2268 1755 2293 sa

340 2316 485 2354 fiancce
511 2316 567 2353 fut
593 2315 749 2363 nubile,
778 2315 804 2352 il
827 2314 987 2363 jouirait
1013 2314 1066 2352 du
1091 2315 1280 2354 Ponthieu
1306 2325 1343 2354 et
1363 2316 1417 2354 du
1434 2316 1558 2354 comte
1581 2314 1630 2353 de
1650 2317 1755 2352 Bou-

340 2376 470 2427 logne.
492 2375 651 2428 Leng'zet
678 2373 914 2426 Dufresnoy,
936 2376 1158 2422 Committe-s,
1177 2383 1204 2413 t.
1223 2378 1275 2422 Π,
1295 2389 1334 2426 p.
1357 2377 1449 2414 543.

394 2436 432 2472 4.
465 2432 581 2473 Selon
600 2433 746 2472 Olivier
767 2432 815 2472 de
834 2436 890 2471 La
907 2434 1079 2481 Marche,
1102 2443 1200 2473 cette
1222 2433 1458 2472 verification
1476 2433 1532 2471 sut
1550 2432 1641 2472 faite
1659 2446 1756 2486 pen·
1829 2448 1831 2450 ·

341 2494 434 2532 dant
453 2507 529 2545 que
553 2493 590 2532 le
616 2502 741 2532 comte
765 2493 813 2531 de
837 2493 1032 2532 Charolais
1056 2494 1145 2532 etait
1162 2507 1303 2532 encore
1321 2496 1342 2531 a
1362 2492 1564 2532 Conflans:
1592 2511 1609 2528 ιι
1631 2493 1758 2533 Gran-‚-

339 2553 570 2606 parlements
589 2554 719 2592 surent
735 2562 845 2592 tenus
870 2562 978 2592 entre
1003 2554 1042 2592 le
1059 2562 1184 2592 comte
1205 2562 1243 2593 et
1266 2554 1302 2592 le
1321 2567 1407 2604 roy,
1429 2553 1612 2591 touchant
1629 2553 1756 2604 iceluy

342 2613 524 2665 mariage.
559 2616 605 2651 Et
634 2613 764 2651 offroit
795 2613 829 2652 le
853 2627 923 2664 roy
951 2613 999 2651 de
1024 2613 1175 2651 donner
1196 2626 1245 2652 en
1266 2612 1435 2664 mariage
1471 2614 1492 2649 a
1523 2625 1564 2649 sa
1589 2611 1669 2650 fille
1699 2609 1757 2651 les

340 2677 482 2714 comtes
503 2675 550 2714 de
574 2675 662 2714 Brie
686 2684 723 2713 et
744 2675 792 2713 de
811 2676 1085 2728 Champaigne.
1111 2678 1158 2713 Et
1182 2689 1282 2727 pour
1300 2683 1401 2713 ceste
1421 2675 1582 2712 matiere
1604 2674 1663 2712 sut
1684 2686 1756 2712 en«

343 2736 442 2789 voye
468 2736 620 2774 maistre
647 2735 771 2773 Jehan
798 2735 1044 2783 Carondelet,
1066 2734 1133 2785 qui
1161 2733 1296 2787 depuis
1320 2746 1343 2771 a
1370 2733 1448 2770 este
1475 2732 1691 2770 chancelier
1708 2730 1758 2769 de

344 2798 597 2848 Bourgogne,
624 2809 718 2833 avec
746 2795 888 2847 charge
919 2795 1041 2833 d'aler
1068 2798 1089 2833 a
1120 2794 1226 2833 Paris
1252 2802 1291 2831 et
1316 2793 1364 2831 de
1388 2793 1520 2831 visiter
1539 2792 1594 2830 les
1619 2791 1755 2837 tittres,
