2054 3470
408 362 486 399 402
775 359 1116 400 HISTORIARUM
1143 357 1378 396 LUDOVICI
1404 358 1463 394 XI

409 448 551 497 feoda
588 458 636 497 et
669 436 963 497 sacramenta
986 446 1190 494 hominii
1225 462 1307 494 seu
1343 445 1582 494 fidelitatis
1616 445 1826 495 adstricti

410 527 473 575 ad
490 526 587 574 hoc
608 542 710 574 esse
729 524 1017 574 videbantur
1037 561 1048 584 ,
1074 522 1229 571 eidem
1250 538 1415 588 parere
1434 520 1694 582 curabant3
1719 521 1821 584 sed,

406 621 490 652 seu
518 603 731 665 nobiles,
763 620 848 650 seu
876 602 1051 668 plebeii
1084 602 1159 649 vel
1193 601 1485 667 oppidorum
1513 600 1663 659 cives,
1696 617 1825 647 mus-

408 683 613 732 sitabant
627 720 640 744 ,
667 693 713 731 et
727 720 739 743 ,
765 683 902 747 quasi
922 682 985 730 ad
1005 699 1089 730 eos
1104 681 1223 728 nihil
1245 681 1466 729 attineret
1482 716 1495 741 ‚
1516 689 1760 746 torpentes
1777 689 1826 727 et

405 763 546 810 otiosi
566 762 794 827 principis
824 761 1102 809 calamitatis
1135 769 1424 825 spectatores
1443 796 1455 818 ‚
1481 759 1531 805 in
1561 758 1658 806 suis
1683 757 1823 823 oppi-

405 839 478 887 dis
500 850 549 887 et
571 839 798 887 domibus
821 837 1184 904 permanebant.

468 916 612 975 Quod
646 933 757 964 cum
788 916 890 980 ipse
918 916 1015 962 dux
1047 917 1114 962 ita
1140 931 1240 962 esse
1271 913 1614 979 perspexisset,
1639 912 1825 976 magnis

403 994 534 1042 velut
566 994 726 1040 furore
759 1003 904 1057 atque
940 984 1268 1056 indignatione
1290 1006 1546 1037 succensus
1561 1027 1574 1052 ‚
1597 999 1644 1037 et
1665 989 1824 1038 verbis

403 1080 450 1118 et
485 1070 696 1135 epistolis
729 1071 1024 1134 gravissimas
1058 1070 1233 1117 accolis
1263 1069 1475 1134 ipsarum
1505 1084 1701 1117 suarum
1729 1078 1824 1117 ter-

403 1163 565 1196 rarum
598 1164 766 1212 poenas
798 1147 972 1195 inferre
1006 1146 1307 1207 minabatur3
1343 1146 1425 1194 sed
1462 1156 1509 1194 et
1541 1146 1823 1195 cancellario

403 1236 519 1278 suc,
559 1219 664 1266 viro
700 1220 865 1283 utique
905 1219 1110 1267 discreto
1145 1228 1193 1265 et
1226 1218 1511 1282 eloquenti¹,
1549 1218 1823 1282 caeterisque

403 1295 687 1343 officialibus
730 1306 777 1343 et
823 1295 1224 1361 gubernatoribus
1273 1295 1491 1343 locorum
1551 1295 1823 1359 gravissime

403 1372 802 1435 subirascebatur‚
833 1391 922 1422 nec
951 1374 1193 1421 mitiorem
1216 1389 1410 1438 poenam
1438 1372 1618 1420 eisdem
1635 1409 1648 1434 ,
1677 1387 1824 1436 quam

400 1466 602 1497 suorum
628 1451 838 1515 capitum
873 1451 1204 1510 amissionem,
1241 1450 1281 1497 si
1315 1448 1571 1496 incolumis
1608 1465 1666 1496 ex
1705 1450 1824 1494 Bur-

401 1527 580 1591 gundia
600 1529 921 1588 remaneret²,
947 1525 1272 1592 promittebat.
1299 1523 1591 1590 Displicebat
1627 1524 1758 1571 enim
1781 1522 1825 1570 ei

403 1606 712 1653 vehementer
733 1605 866 1671 quod
883 1643 896 1665 ,
925 1623 1035 1653 cum
1065 1605 1287 1652 viderent
1315 1604 1502 1652 nobiles
1530 1613 1579 1651 et
1601 1602 1825 1650 vassallos

401 1684 638 1731 mandatis
658 1684 756 1730 suis
782 1683 1113 1746 inobedientes
1136 1682 1199 1730 ad
1219 1682 1463 1747 ipsiusque
1485 1681 1729 1728 servitium
1751 1696 1827 1727 ve-

403 1764 507 1809 nire
544 1761 878 1822 detrectantes,
923 1760 1225 1824 adjectasquc
1252 1761 1301 1806 in
1331 1758 1570 1806 mandatis
1601 1757 1824 1823 capitales

403 1855 569 1904 poenas
603 1841 652 1886 in
684 1856 768 1887 eos
789 1875 801 1899 ,
838 1840 921 1903 qui
951 1838 1130 1885 eisdem
1169 1836 1406 1885 mandatis
1438 1853 1539 1884 non
1569 1844 1818 1901 parerent,

403 1917 646 1963 incurrere
660 1917 691 1977 ξ,
732 1916 857 1981 ipsas
890 1915 939 1962 in
963 1924 1272 1962 contumaces
1294 1921 1342 1960 ct
1367 1910 1700 1958 inobedientes
1721 1925 1822 1957 non

403 1991 589 2040 realiter
627 2000 1000 2056 exsequerentur
1015 2026 1028 2051 ‚
1074 1999 1122 2036 et
1169 1986 1413 2053 potissime
1458 1986 1509 2032 in
1556 1985 1819 2050 quosdam,

404 2068 489 2132 qui
505 2104 518 2128 ‚
564 2067 929 2114 excusationum
959 2081 1124 2113 causas
1158 2063 1408 2128 allegando
1424 2102 1438 2122 ‚
1483 2064 1585 2112 aliis
1619 2064 1680 2112 ad
1720 2081 1821 2112 non

402 2143 670 2210 parendum
691 2143 928 2191 mandatis
962 2153 1182 2191 auctores
1206 2142 1284 2189 vel
1313 2159 1530 2190 suasores
1552 2159 1653 2191 esse
1688 2143 1818 2192 vide⁴

403 2221 596 2269 bantur.

468 2298 562 2346 Sed
584 2299 818 2363 imperare
850 2296 1045 2360 quidem
1067 2307 1115 2344 et
1135 2296 1365 2344 mandare
1387 2296 1522 2345 facile
1554 2307 1676 2359 erat3
1700 2298 1821 2346 velle

404 2387 564 2426 autem
579 2391 745 2441 poenas
763 2373 823 2420 de
839 2390 939 2420 non
960 2374 1294 2421 obedientibus
1312 2391 1566 2440 exposcere
1579 2411 1591 2434 ,
1606 2376 1821 2440 profecto

405 2454 608 2503 arduum
644 2462 690 2500 et
724 2452 904 2514 ingenti
938 2452 1151 2516 periculo
1175 2452 1374 2517 plenum
1406 2461 1522 2500 erat.
1558 2455 1664 2500 Non
1692 2455 1821 2502 enim

406 2531 520 2581 dicti
537 2529 844 2579 cancellarius
863 2539 910 2576 et
925 2530 1150 2578 officiales
1168 2531 1330 2595 copias
1346 2530 1549 2577 militum
1560 2530 1816 2591 habebant,

406 2625 511 2674 quae
545 2607 608 2656 ad
630 2617 729 2654 tam
750 2607 921 2654 seriam
944 2607 1210 2655 faciendam
1243 2609 1596 2656 exsecutionem
1624 2608 1820 2658 fuissent

458 2737 476 2773 1
490 2764 498 2772 .
530 2732 749 2773 Guillaume
771 2734 972 2783 Hugonet,
993 2731 1172 2784 seigneur
1191 2731 1239 2770 de
1257 2731 1419 2771 Saillans
1441 2741 1480 2772 et
1499 2725 1709 2786 d'Epoisse.

458 2796 498 2834 2.
528 2793 656 2831 Plutot
671 2800 864 2831 remearet.

459 2856 497 2893 3.
527 2852 706 2904 Corrigez
725 2856 964 2890 incurrentes.
