2054 3470
759 317 907 355 LIBER
931 316 1129 355 PRIMUS.
1599 320 1648 358 89

243 411 334 460 ubi·
346 418 504 457 autem
519 406 663 455 totius
681 403 792 453 facti
808 420 1001 452 scenam
1024 413 1073 452 et
1089 402 1189 451 doli
1212 412 1354 468 atque
1372 404 1651 454 insidiarum

244 486 623 536 machinamenta
650 481 936 543 denudaret,
962 498 1094 547 spem
1124 481 1474 546 consequendae
1504 484 1652 531 veniae

244 564 421 613 habere
444 576 583 627 posse
598 595 611 621 ,
638 575 834 606 omnem
861 575 985 620 rem,
1015 567 1161 624 prout
1187 557 1275 604 sibi
1304 558 1530 606 mandata
1553 570 1653 607 erat

246 650 295 689 et
307 637 523 689 eamdem
538 635 879 703 perficiendam
894 644 1183 701 susceperat,
1197 635 1384 701 aperuit
1398 645 1445 683 et
1457 635 1648 683 detexit.

308 717 434 765 Dixit
460 715 613 773 enim,
645 715 713 761 uti
737 713 880 778 vulgo
904 713 1158 772 ferebatur,
1190 729 1242 760 se
1268 729 1298 760 a
1324 729 1433 778 rege
1455 714 1653 761 missum

245 809 346 843 esse
371 793 437 841 ob
468 791 614 856 idque
635 790 717 838 illo
746 790 954 850 venisse,
987 798 1038 836 ut
1065 788 1319 836 dominum
1338 790 1564 837 comitem
1592 790 1654 839 de

248 870 512 931 Chat-oleis,
543 868 639 916 illic
661 868 762 932 jam
783 884 869 933 per
892 867 1092 932 longum
1118 876 1306 933 tempus
1334 878 1650 932 remoratum,

246 948 328 1013 qui
360 947 600 996 interdum
637 963 694 994 ex
729 944 1078 994 consuetudine
1096 981 1108 1004 ‚
1147 945 1439 993 remissionis
1477 947 1650 1010 gratia,

246 1027 371 1074 exire
398 1025 461 1074 ad
487 1041 685 1090 campos
712 1034 758 1072 et
784 1023 994 1071 fluminis
1024 1023 1150 1088 ripas
1171 1023 1553 1089 perambulando
1580 1023 1656 1071 lu-

186 1119 190 1125 ’
246 1112 392 1152 strare
411 1111 685 1150 consuesset
702 1118 813 1149 cum
832 1100 965 1148 nullo
986 1110 1069 1148 aut
1090 1116 1198 1147 raro
1221 1100 1504 1165 plerumque
1523 1101 1658 1148 satel-

245 1181 344 1242 lite,
368 1181 407 1228 si
427 1189 603 1245 posset,
623 1177 1041 1245 apprehenderet¹‚
1064 1187 1111 1225 et
1125 1177 1188 1224 ad
1207 1194 1377 1225 navem
1391 1178 1656 1225 immissum

248 1257 373 1305 illico
395 1266 662 1322 exportaret
689 1266 735 1303 et
758 1255 820 1303 ad
851 1272 1008 1319 regem
1039 1271 1178 1302 suum
1208 1254 1417 1302 duceret.
1450 1255 1596 1313 Quod
1618 1257 1658 1303 si

249 1334 412 1380 vivum
442 1342 689 1398 exportare
722 1349 819 1379 non
854 1331 1054 1392 valeret,
1090 1341 1336 1396 amputato
1361 1332 1535 1397 capite,
1572 1349 1658 1379 ca-

252 1420 338 1475 put
368 1411 515 1476 ipsius
546 1410 712 1457 saltem
750 1426 913 1456 secum
941 1408 1214 1456 adveheret.
1248 1411 1356 1456 Haec
1388 1410 1658 1457 confessum

251 1503 414 1534 coram
449 1486 609 1533 multis
643 1485 737 1533 fide
767 1485 922 1550 dignis
962 1485 1158 1532 testibus
1196 1495 1243 1532 et
1274 1487 1386 1533 viris
1418 1486 1660 1534 nobilibus

252 1563 528 1629 praedictum
555 1563 805 1610 dominum
831 1562 1106 1610 Bastardum
1134 1561 1194 1609 de
1223 1562 1506 1627 Rubempre‘,
1531 1564 1662 1613 nulla

252 1640 298 1687 vi
321 1640 410 1688 sibi
440 1639 654 1688 adhibita
679 1648 1051 1698 tormentorum,
1081 1655 1248 1686 omnes
1270 1639 1330 1687 de
1352 1640 1500 1689 domo
1523 1651 1569 1689 et
1592 1642 1660 1690 fa-

253 1719 381 1766 milia
398 1718 574 1784 praefati
592 1718 777 1764 comitis
792 1717 853 1764 de
874 1717 1120 1764 Charoloc's
1136 1718 1516 1766 constantissime
1537 1719 1663 1767 affir-

253 1795 465 1843 mabant.

319 1872 429 1936 Ejus
449 1888 566 1919 vero
588 1871 749 1919 audita
765 1871 1080 1930 confessione,
1106 1871 1245 1918 sociis
1263 1871 1394 1920 abire
1416 1872 1621 1921 dimissis
1629 1877 1659 1934 ²,

253 1965 375 2013 quos
401 1949 507 1997 facti
533 1949 908 2014 insidiarumque
940 1949 1132 2013 ignaros
1160 1949 1473 1997 verisimiliter
1499 1950 1665 1998 existi-

254 2027 422 2087 mavit,
455 2027 611 2092 ipsum
642 2025 943 2085 Bastardum,
974 2043 1084 2073 cum
1114 2043 1212 2073 uno
1240 2026 1315 2073 vel
1345 2026 1665 2075 duobusdoli

255 2103 472 2162 consciis,
491 2103 705 2150 vinctum
720 2103 871 2150 tenuit
886 2113 933 2151 et
950 2103 1153 2150 servavit
1168 2103 1269 2163 diu,
1290 2107 1392 2151 Deo
1411 2105 1666 2153 immensas

210 2224 214 2228 .
257 2197 398 2245 agens
432 2182 624 2245 gratias,
661 2191 866 2245 votaque
896 2181 1094 2246 supplex
1127 2190 1174 2227 et
1206 2197 1404 2228 munera
1435 2181 1661 2241 offerens,

257 2260 389 2325 quod
423 2262 565 2308 tantis
604 2278 653 2308 se
696 2271 912 2326 ereptum
947 2261 1193 2326 periculiS,
1234 2278 1318 2308 sua
1357 2262 1633 2326 dignatione
1651 2300 1663 2322 ,

261 2336 549 2386 incolumem
575 2348 803 2386 servasset
823 2347 870 2385 et
891 2337 1110 2385 liberum⁴

323 2415 447 2461 Facti
476 2416 633 2478 itaque
662 2417 806 2462 totius
834 2416 994 2478 agnita
1021 2416 1243 2475 veritate,
1275 2416 1401 2463 illico
1430 2433 1516 2480 per
1542 2416 1667 2464 fidos

264 2490 455 2538 nuntios
488 2509 600 2538 cum
635 2493 767 2539 omni
803 2493 1040 2540 celeritate
1074 2508 1177 2540 rem
1210 2494 1332 2558 patri
1364 2493 1562 2540 indicari
1586 2511 1668 2541 cu-

263 2566 402 2625 ravit3
428 2568 508 2630 qui
526 2568 682 2616 adhuc
703 2570 752 2615 in
773 2569 954 2635 oppido
974 2587 1060 2616 suo
1081 2570 1141 2617 de
1166 2570 1402 2618 Hesdinch
1422 2571 1663 2631 exsistens,

322 2741 335 2775 1
350 2767 357 2774 .
389 2739 677 2788 Appreloendere
695 2740 789 2778 dans
806 2743 842 2779 le
860 2754 933 2779 ms.

321 2798 360 2835 2.
391 2796 568 2849 Corrigez
576 2801 785 2846 permissis.
