2054 3470
431 353 506 390 338
791 351 1131 389 HISTORIARUM
1158 352 1392 389 LUDOVICI
1418 354 1474 389 XI

431 442 634 490 obsessis
677 441 899 489 solatium
942 449 990 487 et
1027 441 1275 488 munimen
1290 477 1303 500 ,
1348 440 1675 489 obsessoribus
1717 458 1831 492 voro

430 535 602 584 magna
623 519 778 567 attulit
805 517 1129 566 incommoda.

490 598 614 644 Sane
629 612 739 643 cum
762 595 856 642 illic
883 594 1271 658 Burgundionum
1292 594 1387 642 dux
1407 611 1494 643 sua
1515 605 1667 643 castra
1688 595 1832 644 habe-

425 683 513 736 ret,
541 690 647 738 quae
680 672 746 720 ibi
780 689 943 720 mense
974 680 1173 735 augusto
1205 672 1320 719 anni
1348 689 1699 721 M.cccc.1.xxw.
1735 674 1834 738 pri-

424 768 557 798 mum
595 750 830 802 locaverat
849 752 877 809 ¹,
910 759 957 797 et
992 760 1116 798 terra
1137 750 1203 796 cis
1232 749 1466 812 Rhenum,
1489 760 1630 815 atque
1652 750 1830 798 flumen

422 827 579 877 navali
614 828 756 880 etiam
789 827 1092 892 expeditione
1109 863 1122 886 ‚
1158 826 1301 890 longa
1333 826 1583 874 obsidione
1614 826 1832 874 obsessos

421 915 682 970 premeret,
718 904 975 953 nonnullas
1004 904 1148 951 etiam
1175 904 1336 968 copias
1363 904 1606 970 peditum,
1645 905 1832 952 circiter

423 983 485 1031 ad
507 983 604 1030 duo
628 982 777 1029 millia
798 982 1077 1042 hominum,
1105 981 1413 1030 Colonienses
1439 992 1569 1030 trans
1590 982 1827 1044 Rhenum,

419 1077 476 1108 ex
512 1060 712 1107 adverso
742 1059 918 1107 Nussiae
941 1060 1264 1119 collocarunt,
1295 1060 1400 1123 qui,
1440 1076 1502 1107 ne
1535 1061 1830 1124 Burgundio·

420 1154 504 1184 nes
528 1137 656 1184 illam
679 1137 1076 1184 transrhenanam
1105 1137 1741 1201 provinciam-incursarent,
1772 1155 1828 1186 ex

416 1231 532 1262 eave
571 1231 815 1262 annonam
854 1214 945 1261 sibi
986 1224 1250 1278 quaererent
1290 1215 1584 1280 aut.praedas
1615 1227 1824 1280 agerent,

416 1302 698 1340 averterent.
750 1294 785 1339 A
828 1292 1003 1356 quibus
1047 1292 1394 1340 infestabantur
1440 1310 1542 1340 non
1583 1293 1827 1342 modicum

417 1380 570 1417 castra
603 1369 814 1416 hostium
832 1405 844 1429 ,
885 1369 947 1416 ad
984 1386 1089 1433 quae
1126 1386 1276 1434 usque
1298 1380 1456 1435 petras
1488 1380 1536 1418 et
1557 1370 1647 1419 alia
1673 1371 1828 1436 jacula

416 1447 512 1494 suis
534 1446 768 1494 machinis
784 1446 1042 1510 jaciebant.

478 1524 572 1572 Sed
593 1541 702 1571 cum
727 1540 784 1570 ex
818 1523 913 1570 suis
935 1522 1116 1570 viribus
1155 1523 1217 1571 ad
1242 1523 1439 1587 longum
1479 1541 1579 1572 non
1614 1527 1828 1575 confide·

416 1611 520 1648 rent
563 1600 873 1648 Colonienses
910 1601 1134 1665 potentiae
1183 1600 1317 1648 ducis
1371 1602 1649 1667 Burgundiae
1689 1620 1828 1669 posse

413 1679 647 1738 resistere,
675 1678 789 1741 quin
818 1686 864 1724 et
889 1677 1162 1724 Nussienses
1182 1686 1228 1724 et
1249 1677 1338 1742 ipsi
1363 1678 1674 1742 postmodum
1692 1679 1825 1729 dedi-

415 1759 596 1805 tionem
626 1758 779 1804 facere
813 1767 1124 1820 cogerentur,
1150 1758 1189 1803 si
1213 1773 1311 1804 non
1336 1758 1531 1805 aliunde
1552 1758 1643 1806 sibi
1664 1759 1825 1808 defen-

417 1839 564 1886 sionis
600 1838 817 1904 praesidia
856 1847 1217 1903 compararent,
1257 1848 1361 1884 toto
1398 1839 1569 1886 annisu
1605 1851 1825 1888 curarant

417 1926 469 1963 ut
507 1917 808 1965 Fredericum
840 1916 1200 1980 imperatorem,
1242 1916 1293 1962 in
1327 1932 1413 1963 sua
1451 1917 1634 1964 Austria
1669 1919 1824 1982 quies·

415 2003 601 2042 centem
618 2030 631 2055 ,
677 2010 789 2040 cum
814 1992 1117 2056 expeditione
1141 1991 1348 2054 quadam
1373 1992 1435 2039 ad
1458 2009 1593 2040 suam
1615 1994 1825 2044 adduce·

414 2078 522 2117 rent
551 2070 804 2116 civitatem.
833 2071 1054 2132 Ipsorum
1091 2068 1232 2130 igitur
1268 2067 1596 2132 frequentibus
1625 2081 1672 2118 et
1693 2088 1824 2137 paene

413 2146 613 2193 assiduis
633 2147 844 2210 pulsatus
870 2144 1089 2209 precibus
1129 2154 1176 2191 et
1212 2146 1433 2208 querelis,
1465 2146 1659 2196 allectus
1681 2150 1823 2197 etiam

413 2222 691 2270 muneribus
705 2232 752 2269 et
765 2221 1033 2269 honorariis
1048 2222 1180 2286 (nam
1197 2233 1374 2270 certam
1394 2226 1608 2289 pecuniae
1625 2237 1823 2291 quotam

413 2310 706 2348 menstruam
736 2316 825 2364 pro
848 2299 1074 2363 impensis
1105 2299 1197 2346 sibi
1221 2300 1471 2359 faciendis,
1507 2304 1740 2367 quamdiu
1771 2305 1821 2351 in

412 2394 468 2426 ea
484 2377 788 2444 expeditione
810 2386 1074 2424 remoratus
1088 2387 1225 2436 esset,
1246 2388 1292 2425 et
1315 2379 1472 2426 donec
1489 2380 1550 2426 ad
1573 2380 1691 2428 fines
1712 2399 1824 2429 suos

413 2456 635 2521 proprios
664 2464 932 2514 remeasset,
969 2455 1239 2519 promisisse
1271 2465 1415 2519 atque
1449 2457 1699 2507 exsolvisse
1732 2459 1823 2524 ipsi

411 2533 719 2580 Colonienses
748 2531 1060 2596 ferebantur),
1078 2534 1241 2597 copias
1263 2550 1321 2580 ex
1344 2543 1442 2580 tota
1464 2551 1597 2599 paene
1618 2537 1819 2583 Germa-

409 2610 490 2658 nia
510 2609 794 2658 contrahere
815 2618 886 2656 est
905 2609 1117 2656 adortus.

462 2783 501 2819 1.
533 2784 587 2820 Le
612 2780 686 2818 duc
701 2779 831 2833 arriva
846 2779 1128 2818 effectivement
1146 2779 1182 2816 le
1201 2783 1250 2817 30
1267 2780 1393 2828 juillet
1412 2783 1513 2819 1474
1533 2794 1623 2820 sous
1642 2782 1696 2820 les
1714 2795 1820 2820 murs

408 2841 457 2880 de'
475 2844 596 2879 Neuss
615 2848 652 2878 et
675 2854 700 2891 y
722 2839 798 2891 prit
817 2839 912 2891 logis
932 2839 1027 2878 dans
1046 2838 1222 2889 l’abbaye
1244 2839 1291 2877 de
1309 2842 1584 2884 Notre-Dame.
