2054 3470
385 359 462 396 328
749 361 1089 399 HISTORIARUM
1116 363 1354 400 LUDOVICI
1381 364 1437 400 XI

386 448 566 511 trajecit
587 464 696 495 cum
717 449 813 496 suis
835 449 986 514 copiis
1006 450 1055 496 in
1075 450 1415 514 Burgundiam,
1437 452 1485 498 in
1502 468 1595 516 qua
1621 451 1790 501 hiemis

385 525 623 573 residuam
646 536 692 573 et
713 527 1000 593 asperiorem
1026 537 1208 593 partem
1232 530 1383 592 exegit
1399 531 1426 575 ¹.

449 607 568 650 Cum
608 604 899 652 autem'illic
925 615 1066 666 esset,
1109 606 1167 652 ad
1205 622 1315 653 eum
1351 607 1461 653 satis
1501 623 1669 671 parum
1704 607 1790 655 sibi

382 680 534 727 fausto
558 682 719 728 omine
739 682 929 729 accessit
944 681 1329 746 archiepiscopus
1345 683 1662 730 Coloniensis'
1681 684 1791 747 (Co-

382 757 521 811 loniae
545 759 866 823 Agrippinae),
905 759 987 822 qui
1014 758 1075 805 de
1101 758 1268 805 illustri
1301 759 1503 806 Bavariae
1527 760 1675 807 domo
1699 761 1791 808 ori-

384 836 541 900 ginem
573 835 720 882 duxit.
750 839 806 882 Et
827 836 1017 883 fratrem
1049 835 1272 896 habebat,
1292 836 1520 884 illustrem
1537 847 1582 884 et
1600 839 1789 903 sapien-

381 922 477 962 tem
499 915 672 973 virum,
699 914 923 960 comitem
947 913 1209 977 palatinum
1234 913 1425 960 Rheni³.
1452 915 1539 961 Hic
1562 914 1792 981 archiepi-

382 1007 581 1055 scop11S‚
607 990 715 1036 licet
745 1006 773 1037 a
807 989 1014 1054 capitulo
1053 989 1258 1035 ccclesiae
1291 990 1588 1039 Coloniensis
1617 993 1791 1039 electus

383 1079 429 1116 et
454 1085 479 1114 a
500 1084 688 1114 summo
711 1066 938 1131 pontifice
968 1065 1278 1113 confirmatus
1294 1104 1305 1126 ,
1333 1077 1474 1131 atque
1503 1068 1564 1115 ab
1589 1069 1793 1133 impera·

381 1155 484 1212 tore
506 1143 680 1208 regalia
703 1143 978 1208 temporalis
1001 1143 1423 1191 administrationis
1459 1154 1600 1209 atque
1635 1145 1789 1210 digni-

381 1224 486 1271 tatis
509 1223 714 1270 ecclesiae
737 1223 896 1269 fuisset
916 1231 1182 1280 assecutus,
1206 1223 1439 1286 quasdam
1458 1233 1614 1270 tamen
1630 1239 1791 1287 graves

382 1300 652 1347 inimicitias
686 1309 829 1363 atque
862 1299 974 1346 odia
996 1299 1257 1364 capitulum
1290 1317 1430 1346 suum
1455 1299 1726 1363 subditique
1748 1309 1794 1346 et

381 1377 565 1425 vassalli
606 1393 700 1423 suae
727 1376 933 1423 ecclesiae
965 1387 1134 1424 contra
1166 1394 1278 1423 eum
1308 1377 1616 1439 exercebant,
1656 1377 1794 1441 eique

378 1471 544 1520 parere
583 1471 777 1519 prorsus
803 1453 1099 1501 recusabant.
1139 1453 1208 1499 Ad
1227 1470 1305 1500 eas
1326 1454 1540 1518 querelas
1561 1453 1794 1501 sedandas

379 1541 427 1578 et
453 1530 814 1595 componendas
843 1531 942 1595 ipse
974 1532 1233 1595 imperator
1265 1531 1514 1578 Coloniam
1545 1531 1789 1596 petiverat,

380 1624 508 1665 cum,
547 1609 614 1655 uti
652 1607 875 1665 diximuS,
910 1625 936 1654 e
962 1609 1151 1655 Treveri
1174 1608 1436 1655 descendit.
1467 1611 1519 1655 In
1550 1624 1644 1673 qua
1677 1624 1793 1655 con-

381 1685 570 1745 sistenS,
599 1684 824 1731 eumdem
849 1684 1276 1750 archiepiscopum,
1305 1685 1387 1748 qui
1410 1684 1535 1732 foras
1557 1686 1794 1732 civitatem

379 1762 672 1820 morabatur,
698 1779 789 1809 nec
810 1779 858 1809 se
881 1762 1065 1809 civibus
1090 1763 1389 1809 committere
1407 1763 1517 1808 satis
1533 1771 1688 1808 tutum
1705 1761 1794 1809 sibi

381 1839 714 1899 arbitrabatur,
750 1839 810 1886 ad
844 1857 894 1887 se
920 1850 971 1886 ut
996 1840 1177 1887 veniret
1210 1840 1449 1899 evocavit3
1481 1838 1565 1886 sed
1594 1839 1793 1886 nescivi-

381 1934 486 1964 mus
508 1934 605 1981 quo
619 1916 818 1964 consilio
838 1918 938 1983 ipse
952 1918 1337 1982 archiepiscopus
1361 1917 1421 1963 ad
1436 1933 1546 1964 eum
1569 1916 1794 1966 accedere

380 1995 683 2059 contempsit.
720 1997 844 2042 Sane
877 2012 988 2041 cum
1021 1995 1263 2057 sanguinis
1291 1994 1577 2057 cognatione
1601 1995 1793 2059 praefato

376 2072 575 2119 domino
606 2072 1001 2135 Burgundionum
1025 2072 1136 2118 duci
1162 2071 1383 2118 attineret
1406 2070 1515 2136 (qui
1543 2071 1687 2118 etiam
1710 2089 1795 2138 per

380 2165 528 2213 genus
555 2150 852 2196 maternum¹·
878 2148 938 2195 de
960 2148 1127 2195 eadem
1152 2148 1320 2195 illustri
1341 2152 1628 2196 Bavarorum
1645 2149 1794 2198 domo

380 2226 518 2272 traxit
546 2225 819 2289 originem),
850 2225 1015 2271 relicto
1048 2225 1354 2290 imperatore,
1393 2226 1442 2272 in
1474 2226 1812 2290 Burgundiam·

380 2303 441 2352 ad
464 2303 636 2350 ducem
674 2303 971 2366 Burgundiae,
1005 2313 1261 2367 cognatum
1297 2320 1463 2365 suum,
1501 2321 1550 2351 se
1573 2305 1789 2352 contulit.

436 2433 470 2467 1.
501 2429 532 2467 Il
553 2429 730 2477 scjourna
750 2432 771 2468 a
791 2430 908 2479 Dijon
930 2430 983 2468 du
1002 2432 1052 2468 23
1074 2430 1227 2478 janvier
1244 2444 1294 2469 au
1319 2433 1368 2468 19
1394 2429 1537 2468 fcvrier
1555 2432 1658 2468 1474
1681 2437 1719 2468 et
1737 2432 1795 2481 s'y

380 2491 422 2528 fit
450 2489 662 2541 inaugurer
689 2503 837 2527 comme
866 2489 941 2527 duc
971 2489 1018 2527 de
1045 2492 1295 2542 Bourgogne‚
1325 2503 1390 2527 car
1419 2490 1444 2527 il
1476 2491 1543 2540 n’y
1570 2489 1659 2527 etait
1686 2489 1796 2541 point

380 2562 519 2588 encore
538 2562 642 2587 venu
662 2549 796 2600 depuis
815 2563 886 2587 son
908 2550 1150 2588 avi-nement.

434 2610 473 2647 2.
504 2612 651 2660 Rupert
673 2622 724 2646 ou
745 2608 890 2646 Robert
912 2609 960 2646 de
980 2608 1155 2646 Baviere.

435 2670 474 2709 3.
503 2668 698 2716 Frc'deric,
725 2676 849 2706 comte
871 2668 1013 2719 palatin
1033 2667 1084 2705 du
1104 2666 1220 2705 Rhin.

433 2729 473 2767 4.
507 2744 526 2762 α
552 2730 692 2778 Cestuy
721 2726 984 2778 archevesque
1013 2726 1124 2764 estoit
1160 2725 1353 2777 prochain
1378 2734 1514 2778 parent
1551 2726 1604 2764 du
1639 2725 1714 2764 duc
1747 2725 1794 2763 de

380 2789 658 2840 Bourgongne,
679 2788 700 2824 a
718 2799 831 2824 cause
854 2785 901 2824 de
931 2799 971 2824 sa
998 2784 1241 2837 grand’mere
1267 2785 1515 2836 (Marguerite
1543 2784 1591 2823 de
1618 2783 1791 2830 Baviere,

381 2849 520 2887 semme
540 2848 588 2886 de
603 2850 698 2886 Jean
718 2860 805 2885 sans
829 2850 957 2895 Peur).
985 2863 1000 2879 ι)
1025 2845 1171 2884 Olivier
1191 2844 1238 2882 de
1259 2847 1311 2882 La
1331 2844 1501 2892 Man-che,
1522 2845 1550 2884 l.
1573 2847 1624 2894 11,
1645 2858 1680 2883 c.
1702 2857 1762 2882 m.

2037 3165 2051 3174 ἱ
2039 3031 2054 3115 «ηὴῗιμ.
