2054 3470
438 321 515 358 230
797 322 1137 362 HISTORIARUM
1164 326 1400 364 LUDOVICI
1426 328 1484 364 XI

436 410 626 474 Angliae‚
649 421 906 474 cognatum
925 429 1065 459 suum
1081 413 1429 476 charissimum,
1449 416 1498 462 in
1518 416 1839 481 captivitatem

432 498 576 552 atque
594 489 642 535 in
662 489 936 536 servitutem
958 490 1147 537 miserat
1163 501 1210 538 et
1230 491 1472 540 detinebat
1495 494 1545 539 in
1559 494 1694 540 Turri
1714 497 1839 541 Lon-

431 564 708 624 doniarum;
743 566 984 629 fugaverat
1011 568 1204 633 insuper
1226 571 1557 632 Margaretam,
1584 580 1835 633 cognatam

421 650 593 702 suam,
630 652 830 689 matrem
872 644 1050 707 praefati
1088 646 1317 710 principis
1355 646 1549 706 Walliae,
1590 663 1687 694 una
1729 665 1841 695 cum

430 718 601 766 eodem
629 719 870 783 principe,
910 719 1007 767 filio
1042 737 1128 768 suo
1146 759 1157 780 ,
1194 723 1491 786 praetendens
1521 723 1726 770 totaliter
1754 724 1838 772 de-

430 805 611 843 struere
665 796 858 843 eosdem
914 799 1172 845 Henricum
1219 816 1379 862 regem
1434 810 1481 847 et
1529 803 1839 864 Margaretam

428 873 700 938 praedictam
733 884 780 920 et.
816 875 962 938 ipsius
993 875 1172 936 filium,
1219 887 1452 940 cognatos
1486 896 1624 937 suos,
1669 879 1841 942 quibus

429 967 615 1015 semper
649 952 746 1015 ipse
777 951 962 998 favores
990 969 1100 999 suos
1131 963 1177 999 et
1204 953 1375 1000 auxilia
1411 955 1748 1020 impendisset,
1785 973 1841 1003 ac
1870 986 1872 988 v

432 1029 573 1076 etiam
597 1046 646 1076 se
669 1030 866 1095 ipsu1n¹.

497 1109 606 1153 Haec
625 1106 815 1154 fuerunt
835 1117 992 1167 tenor,
1005 1108 1149 1156 verba
1168 1118 1308 1173 atque
1331 1110 1563 1158 sententia
1575 1111 1840 1159 litterarum

430 1186 722 1231 Francorum
734 1185 871 1248 regis,
882 1202 985 1250 quae
998 1187 1198 1234 inventae
1211 1187 1403 1234 fuerunt
1418 1188 1467 1234 in
1483 1188 1684 1235 archivis
1696 1190 1843 1254 ipsius

434 1261 669 1322 Edoardi,
704 1271 957 1326 postquam
990 1274 1263 1328 peremptus
1291 1264 1375 1311 fuit
1395 1302 1407 1326 ,
1433 1266 1843 1329 quemadmodum

433 1338 579 1403 paulo
622 1348 732 1402 post
767 1355 855 1386 suo
898 1340 1067 1387 ordine
1109 1341 1381 1388 reseremus.
1423 1345 1563 1401 Quae,
1610 1353 1843 1407 quantum

431 1415 569 1474 fidei,
605 1416 793 1479 justitiae
831 1426 879 1463 et
918 1418 1123 1464 veritatis
1156 1420 1482 1479 continerent,
1523 1420 1563 1466 si
1602 1421 1843 1484 sapienter

432 1493 561 1540 idem
588 1510 670 1540 rex
700 1494 1128 1556 animadvertisset,
1154 1496 1253 1543 imo
1276 1498 1315 1543 si
1345 1497 1842 1563 quantulumcumque

432 1570 545 1617 fidei
570 1580 617 1617 et
646 1571 909 1636 prudentiae
942 1572 1206 1632 habuisset,
1236 1591 1346 1621 non·
1366 1574 1514 1621 modo
1544 1575 1732 1623 tradere
1750 1592 1847 1624 *eas

434 1648 510 1694 vel
532 1650 827 1707 consentire,
855 1666 1022 1696 verum
1052 1650 1195 1697 etiam
1223 1651 1429 1715 cogitare
1462 1651 1738 1701 erubescere
1762 1652 1847 1700 de-

433 1724 629 1773 buisset.
668 1725 928 1783 Quomodo
959 1727 1087 1773 enim
1123 1744 1223 1774 non
1253 1728 1452 1775 timebat
1482 1745 1571 1775 nec
1599 1729 1848 1776 verebatur

437 1802 682 1850 offendere
722 1806 877 1851 Deum
905 1820 1137 1867 suamque
1163 1804 1310 1851 fidem
1327 1841 1339 1864 ,
1366 1804 1510 1852 decus
1536 1821 1681 1859 omne
1703 1816 1847 1870 atque

436 1880 673 1927 honorem
688 1880 870 1928 violare
897 1891 943 1928 et
969 1882 1279 1945 exstinguere,
1303 1882 1404 1945 qui,
1424 1881 1565 1945 paulo
1589 1881 1695 1946 plus
1715 1882 1848 1929 bien-

438 1957 521 2004 nio
547 1968 677 2016 ante,
702 1958 832 2022 apud
855 1962 1087 2006 Peronam
1111 1967 1281 2022 sponte
1301 1975 1384 2004 sua
1400 1995 1411 2017 ,
1437 1968 1636 2021 cogente
1654 1974 1849 2024 prorsus

438 2036 629 2081 nemine
644 2038 675 2094 ¹,
714 2051 858 2100 super
890 2052 1056 2082 verum
1085 2036 1267 2097 lignum
1303 2035 1474 2082 divinae
1507 2036 1686 2095 crucis,
1722 2053 1850 2100 quo-

493 2209 532 2244 1.
563 2209 619 2244 La
636 2204 857 2256 Chronique
883 2206 1132 2245 scandaleuse
1153 2206 1374 2245 mentionne
1401 2209 1423 2245 a
1450 2207 1488 2245 la
1516 2206 1604 2245 date
1631 2205 1684 2245 du
1712 2209 1762 2244 14
1782 2220 1851 2245 oc-

441 2266 550 2305 tobre
579 2268 682 2303 1470
709 2264 748 2302 la
774 2265 1059 2317 promulgation
1089 2265 1182 2303 d’un
1209 2265 1289 2303 edit
1307 2268 1359 2303 οὺ
1382 2283 1398 2299 «ι
1421 2266 1533 2304 estoit
1555 2274 1742 2304 contenue
1766 2266 1854 2304 l'at-

439 2327 564 2364 liance
581 2326 668 2364 faite
685 2325 736 2363 du
755 2339 825 2376 roy
843 2333 881 2363 et
897 2325 949 2362 du
967 2339 1037 2376 roy
1053 2329 1187 2376 Henry
1206 2325 1487 2377 d'Angleterre,
1505 2339 1555 2364 en
1570 2325 1751 2364 mandant
1769 2334 1854 2365 tous

441 2385 600 2438 Anglois
612 2384 746 2423 laisser
758 2384 868 2423 venir
877 2393 915 2422 ct
928 2385 1136 2423 descendre
1147 2398 1195 2422 en
1207 2398 1250 2422 ce
1264 2385 1460 2436 royaulme
1475 2398 1573 2436 pour
1583 2385 1687 2423 leurs
1699 2385 1855 2424 affaires

441 2454 480 2484 et
503 2445 807 2492 marchandises,
831 2457 918 2481 sans
943 2445 1030 2482 saus
1046 2444 1204 2482 conduit
1221 2458 1270 2482 ne
1288 2445 1412 2482 aultre
1430 2444 1601 2493 seui-ete,
1628 2457 1779 2482 comme
1800 2444 1856 2483 les
1910 2437 1917 2443 ”

443 2505 585 2553 subjets
604 2505 656 2543 du
675 2518 746 2555 roy
764 2505 811 2542 de
830 2507 994 2553 France,
1018 2505 1107 2543 saus
1122 2518 1171 2542 en
1190 2519 1233 2543 ce
1253 2518 1329 2542 non
1346 2504 1511 2555 compris
1530 2495 1711 2542 Edouard
1731 2504 1779 2542 de
1799 2506 1855 2542 La

442 2565 619 2613 Marche,
644 2565 832 2616 nagueres
858 2578 927 2615 roy
952 2564 1061 2602 dudit
1082 2565 1281 2615 royaulme
1303 2563 1587 2616 d’Angieterre‚
1609 2576 1670 2601 ses
1687 2563 1798 2602 alliez
1818 2571 1858 2602 et

441 2625 661 2676 comptices.
685 2642 701 2657 ι»
719 2625 758 2664 Si
774 2638 827 2662 un
844 2624 953 2661 traite
973 2625 1029 2661 fut
1049 2623 1116 2661 fait
1133 2632 1249 2661 avant
1267 2624 1303 2660 le
1324 2622 1458 2673 depart
1480 2622 1528 2660 de
1547 2621 1750 2671 Warwick,
1764 2624 1857 2661 c’est

442 2684 567 2736 plutot
585 2683 738 2722 celui-ci
759 2682 878 2734 qu'on
896 2683 1023 2721 rendit
1042 2683 1171 2735 public
1197 2683 1263 2721 des
1283 2685 1400 2734 qu'on
1418 2690 1481 2720 sut
1499 2682 1534 2720 le
1556 2682 1688 2720 succes
1714 2681 1762 2719 de
1785 2693 1856 2720 son

446 2743 672 2796 entreprise.

495 2805 534 2840 2.
565 2803 781 2855 Singuliere
800 2802 1008 2854 ignorance
1028 2814 1079 2840 ou
1099 2800 1326 2853 prevention
1347 2800 1394 2839 de
1418 2801 1596 2849 l'auteur,
1622 2799 1690 2852 qui
1711 2797 1767 2838 tui
1790 2797 1857 2837 fait
