2054 3470
669 307 815 344 mmm
841 306 1130 369 SECUNDUS„
1302 298 1306 301 '
1524 309 1601 346 145

187 396 420 443 rationem
456 394 507 441 in
534 393 629 441 suis
656 391 835 440 habere
859 390 1082 439 manibus
1103 390 1404 453 anhelantes,
1431 394 1602 444 exinde

185 471 561 538 indignationem
581 470 806 519 adversus
824 471 979 536 ipsum
1002 469 1258 530 dominum
1276 470 1502 519 Carolum
1532 483 1604 521 to-

186 545 377 615 tamque
394 548 596 615 patriam
618 548 921 596 Normanniae
937 548 1225 596 contraxisse
1242 558 1290 596 et
1306 550 1600 615 concepisse.

188 628 350 688 Unde,
374 643 486 675 cum
505 627 556 674 in
578 627 736 692 vigilia
766 643 852 674 seu
862 626 1004 752 ffsto
1028 624 1105 674 die
1135 629 1287 675 Beatae
1314 626 1606 676 Catharinae¹

186 705 478 773 promisisset
509 704 694 752 civibus
735 705 848 770 ipsis

186 782 354 832 urbem
377 781 729 846 Rothomagum
753 783 952 830 introire
981 783 1127 848 idque
1156 782 1221 830 ita
1243 782 1458 831 futurum
1480 784 1608 832 cives

111 922 118 925 A
157 861 160 867 ’
186 860 435 925 caeterique
472 860 631 908 'totius
680 860 938 926 provinciae
983 861 1238 927 primiores
1280 859 1463 926 absque
1508 861 1607 910 ullo

143 1003 147 1006 ὓ
185 938 506 1003 ambiguitatis
540 939 766 1005 scrupulo
803 949 1131 1005 exspectarent
1148 977 1162 999 ‚
1206 939 1529 988 existimantes
1551 951 1610 1006 ¹et

183 1016 303 1065 nihil
346 1017 408 1065 de
450 1018 692 1066 contrario
734 1017 971 1066 ullatenus
1018 1019 1243 1084 suspicati
1265 1055 1277 1080 ,
1320 1018 1454 1084 quod
1498 1037 1610 1067 cum

184 1095 318 1143 omni
349 1094 686 1144 benevolentia
721 1096 823 1162 ipse
853 1097 1102 1144 Britonum
1127 1096 1249 1158 dux,
1278 1097 1413 1161 cujus
1438 1114 1612 1163 magna

183 1190 294 1240 pars
312 1174 564 1240 copiarum
576 1174 677 1238 Jam
698 1191 786 1240 per
809 1175 969 1241 plures
991 1174 1092 1223 dies
1113 1175 1164 1222 in
1185 1175 1375 1223 civitate
1396 1185 1607 1238 steterat,

186 1268 298 1300 cum
313 1252 410 1300 suis
424 1252 640 1317 jucunde
658 1261 704 1300 et
724 1252 887 1300 festive
910 1253 1069 1318 ipsum
1089 1252 1345 1300 dominum
1361 1253 1607 1317 Carolum,

184 1329 233 1378 in
274 1328 405 1377 dicto
440 1346 528 1377 suo
563 1329 782 1394 jucundo
816 1332 1056 1394 ingressu,
1096 1331 1430 1378 consociarent
1469 1340 1612 1396 atque

184 1405 502 1469 honorarent,
547 1407 768 1455 inimicus
814 1407 1011 1470 homo’,
1054 1408 1439 1473 superseminans
1482 1408 1611 1456 diffi-

184 1484 458 1533 dentiarum
485 1501 539 1533 ac
575 1485 869 1534 simultatum
894 1487 1071 1534 zizania
1087 1523 1100 1547 ,
1136 1503 1281 1535 omne
1307 1487 1524 1535 amicitiae
1555 1505 1612 1536 ac

183 1560 547 1624 benevolentiae,
572 1564 708 1628 quod
723 1564 954 1612 hactenus
977 1564 1119 1612 fuisse
1134 1565 1259 1612 inter
1278 1565 1471 1614 eosdem
1492 1565 1610 1623 exis-

184 1635 341 1684 timari
361 1647 567 1703 poterat,
591 1637 746 1686 foedus
771 1638 961 1703 abrupit
982 1654 1039 1685 ac
1060 1637 1294 1686 dissolvit.

247 1717 364 1773 Quae
383 1732 476 1777 res,
501 1715 671 1781 procul
693 1715 861 1777 dubio,
886 1715 1025 1764 valde
1049 1715 1254 1764 infausta
1280 1718 1603 1779 Normanniae,

180 1793 334 1859 ipsam
377 1794 561 1858 magnis
598 1804 646 1842 et
681 1794 796 1842 diris
834 1793 1182 1843 calamitatibus
1224 1795 1440 1844 involvit.
1486 1800 1606 1846 Nam

179 1871 441 1936 praestituto
459 1871 555 1933 die,
580 1889 679 1937 quo
699 1873 813 1920 novi
835 1872 970 1920 ducis
987 1872 1036 1919 in
1055 1872 1225 1920 urbem
1242 1873 1607 1939 praestolabatur

178 1948 416 2012 ingressus
432 1986 444 2009 ,
483 1949 607 1998 fama
635 1950 812 1998 civium
844 1967 982 1999 aures
1011 1950 1224 2016 implevit
1252 1951 1334 2015 (et
1355 1968 1445 2017 pro
1470 1963 1602 2001 certo

178 2027 246 2076 ita
266 2027 408 2076 fuisse
430 2038 500 2076 est
518 2028 773 2093 creditum)
795 2027 930 2094 quod
952 2027 1049 2075 dux
1073 2027 1173 2093 ipse
1198 2028 1465 2090 Britonum,
1488 2047 1600 2079 cum

177 2104 295 2165 suis,
305 2104 530 2153 eumdem
544 2104 719 2152 ducem
739 2122 922 2153 novum
937 2104 998 2153 ad
1017 2122 1175 2169 regem
1190 2105 1366 2155 ducere
1382 2108 1572 2156 volebat
1581 2129 1594 2172 ;

177 2181 483 2248 facturusque
507 2181 603 2230 hoc
627 2181 788 2230 fuisset
809 2182 1027 2247 proxima
1051 2192 1211 2245 noete,
1238 2184 1277 2230 si
1301 2184 1476 2249 (prout
1500 2204 1597 2235 ma-

177 2276 388 2326 gnopere
417 2269 618 2308 conatus
647 2269 717 2306 est
746 2276 832 2324 per
866 2269 1024 2307 totum
1053 2259 1188 2306 illum
1221 2260 1383 2325 diem)
1415 2263 1594 2327 ingres-

175 2353 285 2385 sum
318 2354 459 2386 suum
494 2337 685 2385 differre
721 2337 969 2401 potuisset.
1015 2337 1109 2385 Nec
1142 2352 1265 2383 vana
1300 2338 1479 2403 quippe
1511 2351 1594 2388 aut

177 2413 293 2463 levis
319 2426 367 2464 et
394 2416 644 2464 temeraria
664 2431 719 2463 ea
742 2413 918 2461 volavit
950 2413 1076 2461 fama
1103 2432 1113 2460 t
1140 2430 1254 2461 nam
1290 2414 1339 2462 id
1371 2416 1461 2463 sibi
1490 2434 1590 2478 non

178 2490 444 2541 inconsulte
468 2504 684 2541 metuens
702 2494 804 2559 ipse
820 2509 975 2540 novus
998 2491 1113 2554 dux,
1139 2501 1186 2538 et
1206 2491 1265 2538 ii³
1286 2509 1408 2557 quos
1427 2511 1590 2542 secum

177 2566 300 2616 fidos
314 2569 540 2634 habebat,
561 2571 798 2636 quosdam
820 2587 879 2618 ex
898 2570 1087 2617 civitate
1107 2569 1237 2616 viros
1250 2568 1409 2618 bonos
1431 2571 1590 2619 accer-

233 2690 271 2725 1.
303 2690 354 2727 25
372 2689 596 2731 novembre.

232 2747 270 2785 2.
300 2749 323 2784 J
325 2760 346 2785 e
365 2747 465 2786 crois
483 2747 577 2799 qu'il
593 2749 674 2788 faut
690 2749 877 2801 corriget,
899 2752 1080 2788 Inimicus
1094 2748 1271 2796 hominis,
1292 2746 1331 2785 le
1349 2747 1504 2789 demon.

233 2807 270 2844 3.
301 2808 370 2843 Eis
388 2806 483 2845 dans
501 2809 537 2845 le
553 2820 626 2846 ms.

390 2890 427 2915 11
1327 2877 1377 2914 ¹0

918 705 1109 752 ominus
1142 704 1355 753 Carolus*
1373 705 1425 753 in
1453 706 1607 772 ipsam
1682 761 1687 770 ,
