2054 3470
366 360 442 396 4¹8
727 358 1066 396 HISTORIARUM
1092 356 1329 418 LUDOVJCI
1355 357 1413 393 XI

433 443 584 511 Hujus
617 454 775 492 autem
812 443 1155 492 incertitudinis
1187 452 1328 506 atque
1362 441 1616 489 dubietatis
1648 443 1768 490 ratio

333 529 336 532 ⁴
366 530 483 580 erat,
509 520 658 585 quod,
684 537 795 567 cum
819 529 1225 586 perscrutarentur
1247 518 1296 565 in
1318 517 1478 582 praelio
1500 517 1622 580 caesi,
1646 518 1770 565 inter

365 607 575 658 caeteros,
598 598 681 661 qui
696 597 823 645 bello
840 598 1125 656 ceciderant,
1147 613 1247 644 non
1266 595 1626 660 agnoscebatur.
1651 598 1771 643 Fue—

364 684 438 722 rat
466 676 643 740 quippe
671 684 812 722 nocte
840 675 969 722 diem
995 683 1242 738 sequente,
1275 690 1373 737 quo
1400 662 1614 736 praelium
1635 688 1771 720 com-

364 752 560 803 missum
578 761 664 812 est,
688 752 795 815 gelu
813 752 1121 812 acerrimum;
1149 749 1293 810 unde,
1316 765 1428 796 cum
1447 766 1598 814 prope
1620 749 1772 814 quod·

363 829 477 877 dam
509 829 737 876 fossatum
777 845 861 876 seu
896 828 1104 875 rivulum
1138 827 1398 891 quemdam
1436 842 1609 891 corpus
1646 825 1769 889 ejus,

362 923 533 971 parum
568 908 617 952 in
653 916 829 954 terram
867 907 998 953 vultu
1030 921 1290 962 converso,
1329 905 1575 951 inventum
1608 913 1655 950 et
1671 940 1682 962 ‚
1721 913 1775 949 ut

362 993 699 1047 agnosceretur
730 984 894 1048 ipsene
931 992 1077 1042 esset,
1115 981 1328 1029 adhibita
1361 981 1410 1027 vi
1448 981 1773 1045 resupinatum

362 1061 540 1120 fuisset,
565 1076 623 1107 eo
643 1059 777 1124 quod
794 1060 935 1107 facies
955 1069 1106 1118 terrae,
1131 1059 1207 1106 cui
1225 1056 1526 1122 jungebatur,
1547 1066 1773 1105 concreto

363 1137 617 1184 durissimo
641 1138 750 1201 gelu
774 1137 1051 1197 inhaesisset,
1079 1145 1179 1182 tota
1200 1135 1335 1200 pellis
1358 1134 1510 1193 faciei,
1535 1133 1664 1180 unde
1685 1135 1774 1181 viri

361 1214 537 1278 effigies
569 1214 785 1277 dignosci
819 1224 1040 1279 potuerat
1057 1250 1069 1274 ‚
1107 1211 1291 1259 divulsa
1326 1227 1354 1258 a
1387 1227 1528 1258 carne
1559 1211 1610 1257 in
1652 1219 1776 1259 terra

362 1300 668 1339 remanserat.
693 1290 830 1338 Unde
842 1291 906 1338 ad
918 1300 1101 1338 certum
1114 1290 1220 1353 quis
1234 1298 1357 1336 esset
1371 1288 1622 1352 dijudicari
1637 1287 1775 1353 [non]

361 1377 565 1434 poterat.
592 1367 686 1414 Sed
711 1383 823 1430 cum
851 1367 913 1415 ad
934 1368 1095 1415 locum
1121 1367 1374 1431 ipsumque
1396 1365 1647 1413 visendum
1669 1365 1778 1428 qui-

363 1445 476 1492 dam
493 1444 688 1492 fuissent
706 1444 919 1505 adducti,
942 1445 1026 1508 qui
1043 1446 1087 1491 ei
1103 1444 1154 1490 in
1174 1459 1361 1490 camera
1378 1452 1425 1490 et
1446 1441 1777 1490 secretioribus

363 1523 686 1569 ministrarant
731 1521 1050 1586 eumdemque
1102 1521 1377 1568 familiarius
1421 1529 1745 1583 cognoverant
1760 1555 1774 1579 ,

365 1601 522 1665 ipsum
550 1609 655 1646 tum
688 1615 746 1645 ex
777 1599 1066 1662 quibusdam
1097 1598 1312 1663 corporis
1343 1597 1416 1644 sui
1447 1595 1778 1645 secretioribus

363 1677 489 1724 notis
509 1685 820 1740 agnoscentes
829 1679 857 1734 ¹,
882 1686 1033 1723 totam
1055 1674 1439 1723 incertitudinem
1458 1683 1521 1736 et,
1547 1690 1651 1738 quae
1664 1673 1779 1721 hac-

365 1763 502 1800 tenus
526 1752 743 1799 dubietas
767 1752 936 1812 suerat,
963 1751 1265 1817 depulerunt.

429 1829 664 1876 Dicebant
697 1838 858 1876 autem
890 1828 1133 1887 nonnulli,
1169 1836 1222 1874 ut
1251 1826 1480 1886 diximus,
1516 1843 1628 1874 eum
1656 1827 1778 1874 inter

365 1906 540 1954 densos
578 1904 796 1970 peditum
837 1905 1209 1952 Alemannorum
1251 1903 1418 1967 globos
1462 1903 1686 1950 cecidisse
1730 1912 1778 1949 et

366 1982 670 2042 occubuisse;
702 1982 896 2028 fuerunt
919 1998 1034 2029 vero
1065 1981 1146 2027 alii
1181 1981 1264 2044 qui
1299 1980 1511 2026 dicerent
1544 1995 1678 2040 eum,
1716 1979 1779 2027 de

366 2059 529 2123 praelio
548 2058 824 2122 fugientem,
849 2057 910 2106 ab
928 2058 1100 2121 ignotis
1116 2055 1516 2120 comprehensum
1538 2064 1586 2102 et
1607 2071 1779 2103 caesum

368 2134 525 2181 fuisse.

436 2214 642 2276 Raptum
658 2220 819 2257 autem
831 2211 931 2273 ejus
946 2225 1121 2274 corpus
1138 2210 1272 2273 jussu
1290 2209 1424 2257 ducis
1446 2209 1775 2273 Lotharingiae‚

370 2289 462 2336 fuit
480 2288 767 2354 perductum
784 2290 1058 2350 Nanceyum
1080 2297 1126 2334 et
1144 2287 1194 2333 in
1215 2286 1412 2334 ecclesia
1428 2287 1781 2335 Sancti-Johan-

371 2368 460 2426 nis‚
486 2382 636 2431 parvo
659 2365 768 2412 satis
785 2364 994 2425 honore,
1022 2365 1348 2411 tumulatum².

438 2446 496 2490 Et
517 2443 596 2490 hic
618 2442 769 2489 exitus
791 2451 838 2488 et
859 2441 966 2488 finis
988 2441 1180 2488 vivendi
1202 2450 1343 2505 atque
1363 2439 1669 2504 belligerandi
1691 2443 1780 2489 Ca-

372 2520 496 2581 rolo,
517 2519 685 2567 illustri
703 2519 1098 2582 Burgundionum
1120 2518 1248 2581 duci,
1272 2519 1381 2579 fuit;
1406 2518 1456 2564 in
1478 2534 1577 2582 quo
1597 2534 1780 2566 mascu-

427 2671 467 2708 1.
496 2669 568 2708 ces
598 2678 778 2718 marques
803 2674 891 2704 sont
914 2665 1108 2718 specifiees
1126 2678 1197 2717 par
1215 2663 1388 2711 Molinet,
1411 2672 1438 2701 t.
1457 2666 1492 2712 I,
1517 2677 1552 2703 c.
1576 2676 1697 2703 xxxv,

430 2729 469 2764 9.
499 2727 532 2765 Il
557 2726 615 2765 fut
631 2724 791 2765 inhume
814 2737 894 2762 non
913 2738 982 2776 pas
1010 2726 1032 2762 a
1058 2724 1297 2771 Saint-Jean‚
1318 2722 1414 2760 mais
1440 2724 1461 2760 2⁸1
1486 2723 1782 2774 saint-Georges

377 2785 424 2824 de
445 2785 580 2824 Nanci.
605 2783 901 2832 charles-Quint
920 2784 959 2822 fit
982 2783 1189 2822 transferer
1203 2796 1263 2822 ses
1282 2790 1399 2821 restes
1420 2783 1441 2820 a
1459 2785 1717 2821 Notre-Dame
1734 2781 1782 2820 de

379 2848 542 2897 Bruges,
558 2844 609 2884 οὺ
627 2843 675 2882 ils
693 2851 778 2881 sont
798 2855 951 2883 encore.
