2054 3470
663 365 807 400 LIBER
843 362 1114 401 SECUNDUS.
1521 365 1563 400 21
1575 366 1598 402 3

186 472 323 504 suam
374 454 672 520 plurimaque
723 451 772 497 in
826 448 1043 496 moribus
1087 450 1383 496 vitiosissima
1401 486 1413 508 ‚
1462 450 1599 498 valde

187 531 397 595 exosus),
419 530 502 578 sed
523 545 578 577 ea
601 539 698 576 tam
723 527 930 575 absurda
951 536 997 574 et
1020 526 1218 573 ridicula
1241 527 1353 573 viris
1379 527 1601 589 gravibus

187 627 287 658 esse
318 607 602 662 ferebantur,
642 614 716 663 ut,
746 620 844 651 non
873 612 1072 668 propter
1099 619 1178 661 ea,
1212 602 1296 649 sed
1324 612 1521 668 propter
1551 604 1601 651 id

186 686 421 754 praecipue
449 684 580 749 quod
609 693 776 730 auctor
804 683 853 729 in
885 681 1184 729 consulendo
1211 691 1258 728 et
1287 681 1473 745 agendo
1499 681 1603 730 fue-

187 775 259 813 rat
277 773 329 811 ut
346 762 449 829 paci
466 761 550 820 illi,
576 777 721 825 quam
739 760 788 806 in
812 762 994 806 Perona
1018 751 1189 806 factam
1214 757 1436 818 diximuS,
1464 776 1604 807 suum

187 858 266 890 rex
290 837 698 888 accommodasset
720 853 985 896 assensum,
1010 835 1338 902 apprehensus
1362 846 1408 883 et
1434 837 1483 883 in
1506 853 1606 884 ca1-

189 935 343 968 cerem
359 917 602 980 conjectus
619 915 759 962 fuisse
775 913 1064 961 crederetur.
1085 913 1230 972 Quod
1254 923 1434 978 quanto
1459 916 1606 979 magis

188 995 317 1063 apud
337 992 620 1058 Burgundiae
639 991 812 1039 ducem
832 990 1070 1038 occultare
1091 1001 1138 1038 et
1159 990 1342 1038 diluere
1360 1007 1440 1038 rex
1463 1008 1607 1040 cona-

187 1083 334 1134 retur,
351 1082 485 1119 tanto
510 1069 726 1136 profecto
750 1068 810 1116 de
834 1085 890 1116 ea
914 1085 982 1129 re,
1003 1078 1048 1116 et
1073 1068 1134 1115 de
1158 1068 1405 1116 voluntate
1430 1068 1607 1118 dissol-

187 1149 328 1198 vendi
346 1148 620 1215 praedictam
642 1163 809 1213 pacem
833 1157 975 1211 atque
996 1146 1059 1195 ab
1081 1163 1136 1194 ea
1160 1147 1416 1206 resiliendi,
1442 1149 1610 1195 certio-

188 1243 290 1275 rem
321 1226 411 1273 sibi
443 1226 724 1290 opinionem
755 1223 1016 1289 ingerebat.
1053 1227 1149 1271 Nec
1182 1225 1327 1271 etiam
1361 1242 1473 1272 eum
1506 1226 1609 1273 talis

121 1328 128 1340 =
189 1304 351 1352 fefellit
383 1303 574 1368 opinio,
600 1301 1013 1367 quemadmodum
1045 1318 1133 1349 suo
1172 1302 1282 1348 loco
1314 1303 1363 1348 in
1405 1319 1610 1368 sequen-

188 1381 316 1429 tibus
343 1380 629 1428 luculentius
656 1389 798 1444 atque
826 1379 1122 1427 manifestius
1149 1378 1414 1444 apparebit.
1446 1379 1606 1442 Unde,

191 1469 419 1523 tanquam
435 1458 509 1505 vir
524 1458 718 1521 ingenio
738 1466 783 1504 et
802 1456 1055 1522 prudentia
1071 1457 1316 1521 insigniter
1336 1458 1608 1520 instructus,

191 1536 292 1600 ipse
310 1535 422 1598 ¹dux
452 1551 510 1582 ex
541 1534 623 1582 illo
647 1552 748 1582 non
773 1535 972 1582 cessavit
997 1534 1057 1581 ad
1082 1534 1294 1581 futurum
1316 1534 1499 1582 bellurn
1527 1552 1607 1582 ne-

192 1614 394 1661 cessaria
419 1613 676 1678 adparare,
700 1630 762 1660 ne
787 1612 942 1660 verbis
966 1611 1176 1677 pacificis
1200 1612 1250 1659 in
1274 1612 1412 1673 dolo,
1438 1613 1487 1660 in
1512 1623 1609 1661 tor-

191 1706 362 1757 porem
397 1700 444 1738 et
475 1691 847 1737 somnolentiam
883 1690 1145 1746 resolutuS,
1190 1706 1301 1737 cum
1340 1707 1450 1738 eum
1482 1689 1610 1738 bello

191 1778 386 1834 repente
407 1768 708 1816 adoriretur
696 1769 933 1828 inimicus,
960 1768 1279 1853 improvisum
1300 1777 1443 1833 atque
1462 1769 1610 1834 impa-

191 1855 346 1897 ratum
368 1846 504 1894 facile
524 1848 806 1911 superaret¹.

246 2018 284 2053 t.
314 2015 346 2055 Il
365 2027 415 2054 ne
437 2028 477 2054 se
501 2014 623 2053 borna
648 2027 716 2067 pas
738 2015 759 2051 a
782 2013 832 2052 de
850 2013 1006 2065 simples
1028 2013 1294 2065 priecaufions,
1316 2014 1412 2052 mais
1434 2012 1612 2053 travailla

193 2076 214 2113 ὲ
233 2088 414 2124 renouer,
434 2088 528 2114 avec
544 2075 580 2113 le
595 2088 752 2114 secours
766 2074 815 2113 de
833 2073 1106 2126 l‘Angleterre‚
1125 2074 1164 2112 la
1182 2073 1360 2112 coalition
1379 2073 1446 2113 des
1458 2075 1612 2126 princes

194 2133 376 2185 stancais,
401 2148 478 2186 que
502 2135 620 2173 Balue
642 2135 745 2173 avait
768 2148 818 2173 eu
843 2137 878 2172 la
904 2133 1137 2172 maladresse
1158 2134 1207 2172 de
1227 2134 1363 2173 laisser
1383 2135 1609 2186 transpirer.

195 2197 299 2233 Pour
322 2189 585 2243 commencer‚
613 2195 650 2233 le
680 2195 782 2234 frere
812 2194 866 2232 du
896 2194 956 2232 roi
989 2193 1119 2232 devait
1150 2194 1318 2247 emigrer
1347 2195 1488 2246 aupres
1518 2194 1610 2232 d'E-

195 2252 342 2292 douard
359 2255 424 2292 IV.
449 2254 566 2292 Louis
590 2257 648 2292 XI
671 2255 826 2306 parvint
854 2256 874 2292 a
897 2266 1075 2292 ramener
1099 2254 1136 2292 le
1157 2253 1275 2301 J'eune
1301 2254 1433 2306 prince
1457 2253 1613 2306 lorsque

197 2311 281 2360 deja
303 2313 331 2352 il
355 2313 447 2352 etait
463 2315 569 2353 nanti
588 2314 681 2352 d'un
703 2314 970 2353 sauf-conduit
994 2327 1094 2365 pour
1116 2314 1298 2353 executer
1315 2327 1357 2352 sa
1376 2313 1485 2352 suite.
1507 2315 1614 2353 Cette

196 2372 304 2424 piece
325 2381 403 2411 met
427 2375 448 2412 a
472 2373 682 2413 decouvert
706 2375 742 2413 le
765 2375 846 2413 role
873 2374 926 2412 du
947 2373 1022 2412 duc
1046 2373 1094 2412 de
1116 2377 1347 2426 Bourgogne
1369 2389 1377 2410 :
1405 2391 1422 2407 α
1444 2373 1612 2412 Obtentu

198 2444 243 2469 ac
270 2431 402 2471 favore
427 2432 672 2472 illustrissimi
700 2434 884 2486 principis
914 2433 1021 2471 ducis
1046 2434 1279 2486 Burgundiae
1307 2442 1346 2472 et
1374 2433 1611 2481 Brabanfiae,

199 2489 335 2529 sororii
351 2491 471 2530 nostri
483 2521 493 2539 ‚
513 2494 751 2545 suscepimus
773 2495 813 2532 in
836 2493 981 2532 bonum
994 2525 1003 2540 ‚
1025 2507 1201 2532 securum
1222 2503 1260 2532 et
1277 2494 1426 2533 salvum
1445 2494 1616 2532 conduc-

199 2556 279 2586 tum
295 2558 483 2596 nostrum,
503 2552 754 2591 clarissimum
774 2553 985 2605 principem
1004 2553 1195 2591 Karolum
1215 2553 1263 2591 de
1281 2554 1457 2602 Francia,
1478 2553 1617 2591 adver-

199 2608 290 2646 sarii
310 2609 429 2646 nostri
449 2611 617 2649 Franciae
640 2612 796 2650 fratrem
819 2625 1066 2664 germanum,
1087 2613 1126 2651 in
1148 2626 1311 2664 regnum
1332 2621 1505 2651 nostrum
1531 2615 1612 2650 An-

200 2667 310 2720 gliae,
331 2676 403 2706 etc.
429 2685 447 2703 ι’
469 2672 645 2721 (Rymer,
667 2674 846 2719 Foedera,
868 2679 897 2710 t.
918 2672 998 2718 XI,
1022 2684 1061 2722 p.
1081 2673 1188 2720 645).
1210 2673 1261 2710 Ce
1280 2671 1542 2710 sauf-conduit
1560 2678 1617 2709 est

200 2725 252 2764 du
274 2728 296 2763 6
320 2727 396 2764 mai
416 2729 541 2776 14693
562 2738 599 2768 et
619 2731 738 2768 Balue
757 2732 862 2769 avait
887 2730 947 2768 ete
975 2730 1101 2768 arrcte
1126 2730 1166 2768 le
1192 2733 1242 2768 23
1267 2730 1364 2768 avril
1391 2729 1613 2782 precedent.

200 2788 254 2823 La
283 2786 517 2825 connivence
544 2788 596 2826 du
615 2789 689 2827 duc
710 2803 804 2827 avec
831 2790 868 2828 le
898 2789 1067 2827 cardinal
1101 2798 1157 2828 est
1189 2790 1360 2840 prouvee
1379 2802 1450 2840 par
1467 2802 1511 2826 ce
1534 2788 1611 2826 seul

202 2844 536 2894 rapprochement.
