2054 3470
802 342 948 383 um
973 342 1173 383 PRIMUS.
1672 353 1693 388 7

283 443 475 501 sumpto
496 434 698 501 prandio
713 471 724 493 ‚
750 435 906 481 statim
929 443 1068 482 exuta
1088 435 1278 499 lugubri
1298 446 1425 484 veste
1439 473 1451 495 ‚
1489 439 1578 485 sub
1600 456 1695 503 qua

283 513 495 578 profecto
536 512 740 560 alienam
784 521 988 576 gesserat
1032 528 1291 577 personam
1307 550 1320 574 ,
1365 512 1694 563 brevissimam

283 606 432 654 usque
462 589 523 637 ad
547 599 679 636 nates
702 589 813 636 albo
846 590 1097 654 rubeoque
1125 590 1397 656 bipartitam
1421 593 1664 641 coloribus
1680 630 1692 652 ‚

282 667 522 731 propriam
542 667 850 714 nunciantem
876 684 1127 732 personam
1145 705 1157 724 ‚
1181 685 1449 728 assumens,
1469 681 1695 719 venatum

284 743 482 809 perrexit
510 760 661 808 usque
696 744 757 791 ad
792 761 946 792 seram
982 755 1197 804 noctem,
1224 747 1378 811 capite
1409 748 1536 813 pileo
1568 749 1697 796 sirni-

280 820 402 869 libus
448 823 625 888 partito
677 822 923 870 coloribus
967 824 1168 870 amictus
1185 861 1197 883 ,
1248 825 1467 873 satellites
1512 825 1695 874 habens

279 911 445 947 omnes
491 899 820 947 consimilibus
874 909 1071 948 ornatos
1118 901 1409 949 indumentis
1454 920 1464 948 z
1517 903 1695 968 quibus

277 976 418 1023 etiam
443 985 491 1023 et
520 975 725 1041 phalerae
747 986 794 1024 et
818 976 1038 1025 subsellia
1060 993 1295 1042 equorum
1317 978 1511 1044 paribus
1543 996 1692 1028 orna-

278 1053 447 1100 mentis
469 1052 840 1119 respondebant.

339 1131 592 1193 Postquam
615 1147 731 1177 vero
761 1131 1010 1196 proditum
1034 1131 1288 1197 palamque
1319 1133 1494 1180 factum
1518 1135 1696 1182 exstitit

274 1206 408 1271 quod
426 1223 526 1254 non
547 1208 689 1255 vellet
710 1224 793 1255 rex
814 1225 968 1256 novus
1001 1225 1165 1256 coram
1198 1210 1369 1257 intueri
1397 1226 1479 1259 eos
1508 1211 1591 1275 qui
1627 1211 1691 1258 ob

275 1285 419 1350 patris
441 1284 620 1332 luctum
640 1286 777 1349 nigro
796 1287 948 1333 vestiti
969 1296 1124 1334 essent
1140 1286 1223 1349 (ad
1245 1303 1353 1334 eum
1376 1289 1503 1335 enim
1526 1304 1691 1351 quam-

274 1361 431 1427 plures
454 1379 481 1410 e
498 1379 664 1426 regno,
683 1363 904 1411 affectum
928 1363 1061 1410 illum
1085 1380 1227 1428 quem
1244 1364 1303 1411 ad
1321 1364 1598 1412 defunctum
1614 1382 1692 1414 re-

274 1455 381 1503 gem
404 1439 671 1487 habuerant
698 1440 986 1501 indicantes,
1018 1441 1340 1506 lugubresque
1370 1452 1524 1490 vestes
1538 1442 1690 1491 «defe-

275 1525 455 1574 renteS‚
482 1517 571 1564 sibi
602 1519 954 1581 occurrerant),
992 1527 1093 1564 tum
1129 1518 1382 1582 pulchrum
1409 1519 1572 1566 videre
1606 1520 1691 1566 suit

273 1593 406 1657 quod
429 1593 562 1639 multi
586 1595 759 1654 statim,
786 1595 977 1641 mutatis
993 1595 1301 1654 vestimentis,
1319 1595 1430 1642 albo
1441 1595 1687 1660 rubeoque

275 1668 454 1731 partitis
481 1684 580 1715 sese
603 1677 893 1715 ornaverunt
913 1688 926 1728 ;
956 1678 1011 1715 ut
1036 1667 1171 1715 facile
1194 1667 1256 1715 ab
1279 1668 1353 1714 his
1375 1669 1459 1731 qui
1482 1670 1590 1716 talia
1614 1671 1686 1716 in·-

271 1744 507 1808 spicerent
524 1745 695 1791 merito
718 1744 810 1791 dici
832 1755 993 1810 posset
1020 1763 1030 1791 ε

394 1882 411 1899 α
437 1862 571 1904 Totus
593 1861 649 1905 ad
669 1861 913 1921 exemplum
933 1863 1043 1922 regis
1064 1863 1336 1921 componitur
1358 1861 1489 1906 orbis.
1521 1885 1536 1900 ι

333 1986 439 2035 Non
461 1996 530 2034 est
548 1996 708 2033 autem
732 1986 865 2034 facile
887 1987 1118 2034 aestimare
1140 1996 1346 2050 quantus
1370 1987 1431 2034 ad
1454 2004 1563 2034 eum
1589 2006 1681 2036 nu-

269 2079 425 2110 merus
445 2072 752 2110 concurrerat
773 2063 833 2110 de
863 2062 1086 2111 omnibus
1110 2063 1366 2128 provinciis
1387 2063 1645 2113 Galliarum
1666 2085 1675 2112 :

268 2139 345 2188 alii
377 2157 466 2207 pro
499 2139 693 2199 officiis,
719 2157 824 2205 quae
851 2139 941 2187 sub
976 2149 1110 2206 patre
1135 2149 1411 2199 tenuerant,
1438 2142 1682 2196 servandis

267 2228 408 2283 atque
449 2219 736 2278 retinendis;
784 2219 862 2266 alii
900 2235 1014 2265 vero
1051 2234 1140 2284 pro
1179 2219 1315 2266 novis
1353 2220 1677 2284 assequendis.

266 2298 411 2351 Tanta
449 2298 577 2344 enim
615 2296 811 2344 ambitio
851 2295 1223 2343 obtinendorum
1264 2295 1534 2343 officiorum
1564 2314 1679 2364 pro-

269 2383 370 2438 pter
388 2374 653 2422 felicitatem
676 2374 1005 2440 temporalem,
1029 2390 1141 2438 qua,
1161 2374 1243 2438 qui
1261 2373 1349 2422 sub
1372 2383 1505 2441 patre
1525 2374 1680 2423 officia

269 2460 516 2499 tenuerant
532 2490 544 2513 ,
586 2452 724 2517 potiti
766 2451 1153 2499 existimabantur
1172 2488 1184 2512 ,
1233 2452 1419 2499 animos
1461 2453 1678 2500 omnium

269 2543 399 2591 paene
422 2529 764 2592 regnicolarum
789 2529 1064 2590 obsederat,
1091 2539 1144 2575 ut
1162 2530 1376 2576 certatim
1400 2529 1460 2576 de
1484 2539 1585 2576 toto
1610 2547 1678 2577 re-

270 2619 391 2666 gno,
427 2622 514 2670 pro
547 2606 823 2670 hujusmodi
845 2607 1021 2668 causis»,
1051 2607 1283 2654 maximus
1315 2606 1447 2654 fieret
1480 2608 1541 2654 ad
1564 2626 1672 2656 eum

270 2696 560 2743 concursus3
604 2683 814 2748 talesque
859 2684 1001 2737 etiam
1044 2682 1202 2731 officia
1239 2684 1539 2743 ambiebant,
1577 2701 1675 2731 non

270 2757 418 2804 modo
434 2759 516 2821 qui
539 2758 650 2806 alias
670 2760 947 2824 hujusmodi
970 2761 1240 2808 honoribus
1268 2779 1352 2810 seu
1375 2762 1679 2809 administra-

272 2833 482 2880 tionibus
505 2835 652 2883 functi
678 2837 898 2897 fuissent,
928 2838 1011 2885 sed
1045 2847 1090 2884 et
1118 2839 1424 2903 quamplures
1453 2839 1535 2902 qui
1553 2876 1564 2895 ,
1604 2838 1677 2885 vel
