2054 3470
757 343 904 380 LIBER
928 342 1130 380 PRIMUS.
1604 345 1655 381 47

235 436 424 484 civitate
457 429 741 482 Nannetensi
770 438 819 478 et
842 429 1088 477 nonnullis
1126 427 1231 477 aliis
1255 428 1375 476 locis
1399 430 1656 494 provinciae

236 529 350 562 cum
378 509 556 576 ingenti
591 507 777 555 honore
803 516 852 556 et
881 506 1130 555 festivitate
1155 516 1387 572 exceptus
1410 516 1482 554 est
1496 544 1508 566 ,
1536 508 1657 554 nihil

237 591 403 640 talium
434 587 696 653 suspicato¹
728 586 888 651 qualia
927 603 1012 634 rex
1047 586 1210 634 animo
1255 584 1497 633 volvebat.
1536 589 1657 632 Cum

237 668 379 733 igitur
407 664 581 713 finibus
615 663 864 712 Britanniae
896 679 1138 728 egressus,
1175 680 1226 710 se
1255 663 1306 711 in
1340 679 1544 727 regnum
1577 679 1659 710 rex

239 746 399 794 denuo
441 731 715 807 recepisset,
757 750 874 788 tunc
914 758 1061 806 super
1096 739 1377 805 hujusmodi
1421 739 1659 788 fidelitatis

239 830 534 871 sacramento
555 828 696 884 atque
717 818 983 867 civitatibus
998 828 1045 866 et
1066 819 1230 879 terris,
1258 835 1346 884 per
1361 834 1522 882 regem
1546 834 1662 881 que-

238 898 336 948 rela
352 907 399 946 et
416 897 694 961 disceptatio
717 913 832 944 cum
855 896 979 943 duce
1000 895 1170 943 haberi
1188 895 1349 961 coepit.
1379 898 1509 943 Dum
1536 903 1662 941 uter-

237 992 332 1041 que
347 974 632 1040 pertinacius
649 974 746 1021 suis
768 972 1103 1022 affectionibus
1117 977 1262 1038 atque
1281 972 1484 1020 decretis
1505 971 1662 1019 studet

237 1052 490 1112 inhaerere,
534 1061 582 1099 et
620 1051 840 1116 quamvis
873 1067 961 1116 per
992 1067 1154 1114 regem
1177 1049 1407 1098 adversus
1435 1048 1662 1096 eumdem

238 1130 411 1179 ducem
424 1130 567 1178 variae
581 1129 950 1178 ostenderentur
971 1128 1278 1194 querelarum
1293 1144 1468 1188 causae,
1488 1143 1517 1175 a
1538 1125 1663 1174 mul-

238 1209 298 1256 tis
328 1218 488 1257 tamen
520 1223 619 1256 una
653 1217 769 1255 tunc
798 1223 1052 1273 suppressa
1083 1217 1132 1255 et
1164 1206 1227 1255 de
1257 1222 1354 1272 qua
1375 1206 1558 1255 mentio
1579 1221 1664 1271 pa-

238 1286 336 1336 lam
352 1287 548 1334 minime
564 1285 836 1335 habebatur
857 1286 997 1334 fuisse
1010 1323 1023 1348 ,
1049 1286 1279 1334 aestimata
1300 1294 1372 1333 est
1389 1285 1628 1351 praecipua
1648 1302 1659 1330 ε

241 1380 301 1412 eo
317 1363 535 1412 videlicet
556 1363 691 1428 quod
713 1363 842 1411 idem
864 1363 963 1411 dux
979 1380 1092 1411 cum
1113 1364 1292 1411 comite
1309 1362 1371 1411 de
1388 1362 1659 1419 Charolois,

241 1439 342 1488 filio
376 1442 519 1489 unico
564 1440 797 1507 Philippi,
835 1441 1234 1506 Burgundionum
1275 1441 1414 1488 ducis
1443 1440 1660 1500 illustris,

243 1519 582 1567 fraternitatem
616 1529 760 1584 atque
797 1520 1052 1567 amicitiam
1075 1520 1362 1583 singularem
1396 1518 1659 1584 copularat.

245 1598 403 1654 Quam
426 1612 506 1644 rex
519 1630 533 1653 ,
559 1606 611 1643 ut
633 1596 694 1643 ad
716 1596 835 1643 fines
856 1597 1067 1644 intentos
1089 1596 1348 1661 aliquando
1367 1595 1661 1661 perveniret,

244 1673 553 1722 vehementer
583 1673 841 1722 dissolvere
872 1684 1013 1738 atque
1059 1674 1359 1739 disrumpere
1402 1673 1660 1736 satagebat.

309 1752 508 1800 Duravit
530 1762 689 1799 autem
711 1751 990 1815 hujusmodi
1012 1751 1226 1799 simultas
1251 1768 1338 1816 per
1369 1767 1524 1799 annos
1543 1767 1666 1814 qua-

246 1838 372 1890 tuor,
408 1838 454 1876 et
478 1827 672 1876 tandem
708 1827 906 1876 demum
940 1829 991 1876 in
1019 1837 1236 1894 apertam
1263 1827 1666 1893 manifestamque

244 1904 587 1953 dissensionem
616 1907 796 1971 erupit,
823 1915 965 1972 prout
1002 1907 1051 1954 in
1089 1906 1426 1971 sequentibus,
1451 1907 1663 1973 propitio

245 1983 366 2045 Deo,
390 1999 477 2031 suo
498 1984 608 2031 loco
629 1984 909 2033 referemus.

704 2206 778 2252 CA
785 2207 1049 2252 PlTULUM
1081 2208 1184 2253 xlv
1193 2242 1203 2252 .

249 2340 374 2383 Qualia
398 2341 526 2376 auxilia
555 2340 747 2381 Henricus,
772 2340 968 2387 Anglorum
995 2353 1079 2385 rex,
1106 2349 1141 2376 et
1163 2343 1360 2390 Margareta
1388 2341 1529 2389 regina,
1557 2355 1667 2390 regno

298 2394 429 2440 Angliae
446 2394 603 2442 depulsi,
622 2393 720 2441 apud
739 2392 963 2430 Ludovicum
979 2407 1118 2442 regem,
1141 2408 1223 2432 cum
1251 2404 1365 2431 essent
1381 2396 1488 2430 ambo
1509 2396 1667 2443 ejusdem

298 2447 514 2493 consobrini,
531 2447 755 2484 invenerunt.

321 2566 524 2614 Audiens
552 2577 711 2616 autem
739 2569 1001 2631 Margareta
1016 2570 1047 2627 ²,
1080 2585 1202 2615 uxor
1232 2569 1447 2630 Henrici,
1490 2569 1660 2633 Anglo-

177 2682 183 2686 .
258 2653 362 2684 rum
386 2641 570 2704 regina,
598 2659 703 2706 quae
734 2659 845 2689 cum
870 2642 976 2688 viro
1004 2658 1093 2689 suo
1111 2679 1123 2702 ,
1152 2658 1299 2707 regno
1329 2652 1375 2689 et
1409 2643 1557 2708 patria
1583 2658 1669 2708 per

314 2778 353 2815 1.
381 2779 594 2828 Suspicatus
613 2781 707 2820 dans
725 2782 762 2820 le
782 2796 854 2822 ωε.

321 2835 362 2874 2.
392 2837 622 2888 Marguerite
638 2839 802 2888 d'Anjou
815 2869 826 2886 ‚
843 2840 984 2879 femme
1002 2841 1055 2879 du
1074 2842 1133 2880 roi
1151 2842 1272 2881 Henri
1292 2844 1355 2880 VI.
