2054 3470
418 357 494 397 340
778 360 1120 398 HISTORIARUM
1146 360 1381 398 LUDOVICI
1407 361 1465 397 XI

479 451 599 495 Cum
639 448 782 511 igitur
821 448 1081 512 imperator
1118 457 1239 494 esset
1274 447 1510 505 Coloniae,
1559 449 1643 512 qui
1679 465 1737 495 ex
1773 465 1822 496 se

413 525 565 572 nullas
600 526 761 591 copias
798 525 1078 584 advexerat,
1118 524 1202 572 sed
1237 524 1550 586 domesticam
1592 524 1822 573 duntaxat

408 604 634 652 familiam
665 621 817 663 suam,
843 620 1043 668 magnus
1072 618 1335 650 concursus
1357 619 1413 649 ex
1443 612 1544 650 tota
1567 591 1822 651 Germania

409 680 558 728 factus
583 692 651 729 est
673 698 934 728 armorum.
963 684 1081 727 Nam
1106 697 1271 727 omnes
1296 696 1427 744 paene
1451 681 1716 742 Germaniae
1735 682 1823 728 im·

406 759 605 824 periales
631 759 842 806 civitates
865 759 1045 824 copias,
1082 760 1212 823 quae¹
1238 757 1329 804 sibi
1354 759 1595 823 imperatae
1617 759 1816 819 fuerant,

405 837 777 886 transmiserant.
829 835 1156 883 Adventarunt
1201 836 1344 882 etiam
1384 852 1496 883 cum
1542 836 1822 884 exercitibus

405 914 529 976 suis,
577 924 782 979 quantos
821 913 1042 977 colligere
1086 922 1371 978 potuerant,
1414 913 1533 960 alter
1578 915 1820 962 Saxonum

405 990 538 1052 dux’,
574 990 787 1038 marchio
813 989 1078 1050 Badensis³‚
1110 990 1400 1052 lantgravius
1418 991 1627 1052 Hassiae,
1664 990 1818 1038 archi-

404 1069 616 1134 episcopi
643 1069 947 1132 Moguntinus
970 1077 1016 1114 et
1036 1068 1335 1114 Treverensis
1371 1077 1418 1115 et
1445 1068 1695 1133 episcopus
1717 1071 1820 1117 Mo-

349 1199 353 1203 ·
403 1146 747 1204 nasteriensis*‚
776 1145 950 1210 aliique
974 1144 1281 1209 quamplures
1298 1145 1496 1191 comites
1519 1154 1566 1191 et
1587 1144 1816 1205 barones;

404 1239 460 1269 ex
493 1240 700 1288 quorum
732 1240 970 1270 concursu
1006 1222 1242 1269 conflatus
1268 1232 1338 1269 est
1362 1239 1646 1277 numerosus
1672 1224 1820 1287 magis

403 1316 549 1364 quam
572 1300 811 1348 verendus
845 1299 1093 1347 exercitus.
1138 1299 1386 1346 Jactabant
1413 1299 1718 1364 quamplures
1739 1316 1821 1347 eos

404 1378 662 1426 ascendere
681 1378 741 1425 ad
759 1388 954 1425 centum
968 1377 1312 1442 quinquaginta
1335 1376 1497 1436 millia,
1523 1376 1602 1424 alii
1618 1376 1679 1424 ad
1695 1376 1818 1441 plus,

401 1456 480 1503 alii
508 1455 570 1502 ad
606 1456 749 1520 longe
784 1456 942 1501 minus
974 1472 983 1500 τ
1023 1454 1157 1518 quod
1186 1454 1483 1500 verisimilius
1517 1454 1816 1501 aestimamus.

400 1533 493 1580 Sed
531 1542 632 1580 esto
675 1542 798 1580 esset
834 1549 1062 1579 numerus
1100 1532 1407 1596 quantumvis
1449 1547 1679 1595 magnus,
1722 1541 1823 1580 erat

403 1621 560 1658 tamen
582 1610 838 1658 multitudo
859 1610 1057 1657 collecta
1081 1626 1138 1656 ex
1160 1611 1283 1673 agris
1301 1619 1347 1657 et
1366 1609 1426 1657 de
1444 1610 1608 1657 otiosis
1628 1609 1821 1658 mecha-

404 1688 521 1734 nicis
542 1688 789 1735 civitatum
809 1688 1090 1746 Germaniae,
1119 1688 1202 1751 qui
1236 1687 1356 1751 gulae
1393 1696 1440 1733 et
1464 1687 1619 1734 ventri
1638 1686 1817 1753 dediti,

401 1781 645 1829 cauponas
676 1773 722 1810 et
754 1763 1028 1828 lupanaria,
1064 1764 1223 1829 potius
1259 1779 1405 1827 quam
1444 1763 1622 1810 militiae
1649 1772 1817 1823 castra,

404 1841 705 1906 frequentare
736 1851 1068 1897 assueverant,
1118 1850 1201 1888 aut
1231 1858 1282 1888 se
1323 1841 1371 1887 in
1405 1841 1548 1888 armis
1584 1857 1815 1888 exercere.

407 1925 552 1970 Erant
584 1924 712 1970 enim
750 1924 964 1987 plerique
995 1923 1232 1983 inermes,
1267 1932 1349 1969 ant
1389 1921 1561 1969 talibus
1604 1922 1821 1969 instructi

402 2001 564 2062 armis,
591 2018 694 2065 quae
720 2001 879 2065 sugam
905 2001 1065 2065 potius
1093 2000 1169 2046 vel
1188 2009 1433 2046 cruentam
1457 1998 1651 2059 caedem,
1675 2015 1820 2063 quam

400 2078 668 2139 victoriam,
692 2077 758 2124 eis
789 2077 1004 2141 polliceri
1019 2075 1321 2137 viderentur3
1348 2076 1592 2123 nonnullis
1613 2078 1821 2142 exceptis

403 2155 668 2220 equitibus,
712 2171 835 2218 quos
876 2154 1115 2219 principes
1159 2170 1319 2201 secum
1366 2153 1693 2215 adduxerant,
1737 2155 1821 2220 qui

403 2323 452 2362 de
469 2322 586 2361 Louis
607 2324 677 2360 XI.
702 2321 864 2373 Lenglet
887 2322 1121 2373 Dusresnoy,
1146 2322 1211 2373 qui
1232 2335 1254 2359 a
1276 2321 1407 2374 public‘
1429 2322 1484 2361 les
1505 2322 1632 2374 pieces
1657 2322 1704 2361 de
1722 2331 1820 2362 cette

402 2382 644 2436 negociation
663 2384 898 2430 (commines,
933 2390 959 2420 t.
991 2384 1062 2428 HI,
1091 2396 1130 2433 p.
1155 2383 1232 2419 459
1259 2390 1296 2419 et
1325 2382 1552 2431 suivantes),
1574 2382 1630 2421 les
1652 2395 1675 2420 a
1706 2382 1820 2421 mises

404 2446 426 2481 a
448 2451 523 2480 tort
542 2444 563 2480 a
584 2442 621 2480 la
643 2441 730 2479 date
757 2441 805 2479 de
829 2443 948 2487 1475,
968 2454 1018 2479 ne
1046 2450 1294 2492 remarquant
1319 2455 1386 2493 pas
1414 2441 1574 2492 qu’elles
1600 2451 1753 2493 portent
1775 2455 1819 2479 ce

404 2502 605 2540 millesime
624 2501 719 2539 dans
738 2501 793 2539 les
819 2501 1045 2554 originaux‚
1064 2514 1180 2553 parce
1199 2514 1274 2551 que
1295 2501 1440 2553 l’usage
1459 2500 1507 2539 de
1526 2501 1710 2552 l'Empire
1730 2501 1820 2540 etait

402 2562 451 2601 de
472 2573 714 2600 commencer
733 2559 884 2603 l’annee
905 2562 926 2597 a
945 2560 1054 2598 Noel.

456 2625 494 2660 1.
529 2623 633 2670 Quas
654 2620 750 2658 dans
770 2619 807 2658 le
826 2633 896 2659 ms.

455 2684 495 2723 2.
523 2681 556 2720 Il
578 2695 604 2732 y
622 2680 726 2719 avait
748 2678 851 2717 deux
880 2678 973 2717 ducs
1002 2678 1050 2717 de
1081 2682 1195 2719 Saxe.
1230 2678 1261 2716 Il
1290 2677 1399 2730 s'agit
1417 2677 1466 2715 ici
1493 2677 1546 2715 du
1569 2677 1643 2716 duc
1665 2680 1816 2729 Ernest,

403 2742 571 2780 electeur
593 2748 631 2778 et
652 2738 844 2778 marechal
865 2738 916 2776 du
934 2737 1232 2789 Saint-Empire.

457 2803 494 2840 3.
526 2800 698 2848 Charles,
722 2811 924 2850 margrave
944 2797 992 2836 de
1014 2796 1132 2836 Bade.

453 2863 491 2899 4.
524 2860 717 2909 L’eveque
738 2857 786 2895 de
809 2860 996 2904 Munster‚
1016 2855 1167 2894 Conrad
1195 2855 1243 2893 de
1262 2854 1458 2907 Rietperg.
