2054 3470
674 348 820 385 LIBER
845 348 1064 385 TERTIUS.
1501 348 1578 384 243

170 436 460 485 chinamenti
472 434 933 499 conspirationisque
949 433 1091 480 series
1106 433 1446 480 contineretur.
1465 436 1581 490 Quae

170 532 321 563 ocreae
356 530 449 562 suae
481 529 591 559 cum
622 511 770 558 allatae
802 511 1023 572 fuissent,
1054 512 1102 557 in
1133 511 1199 558 eis
1229 511 1434 558 inventae
1472 521 1583 558 sunt

172 589 498 656 hujuscemodi
527 589 692 635 litterae
728 604 832 651 quae
858 588 1002 635 totius
1035 605 1186 635 scenae
1213 598 1260 635 et
1287 589 1584 653 singulorum

173 669 273 732 ejus
293 678 505 725 actuum,
536 682 630 713 una
664 682 775 712 cum
803 665 877 712 his
910 682 1017 729 quae
1045 665 1135 712 sibi
1170 665 1319 714 verbo
1355 666 1481 713 dicta
1511 667 1586 713 in-

168 748 428 811 junctaque
450 745 591 791 fuisse
622 742 876 803 referebat,
911 743 1092 791 indices
1123 744 1248 791 clare
1277 754 1420 809 atque
1451 744 1586 790 lucu·

172 821 323 870 lenter
342 821 619 868 exstiterunt
631 822 660 866 ¹.

238 899 328 946 Diu
351 908 509 946 autem
534 898 595 945 de
619 907 719 945 tota
744 897 823 944 illa
848 898 1203 961 conspiratione
1231 908 1374 962 atque
1402 898 1589 945 machi-

174 977 431 1036 namentis,
465 975 526 1022 de
557 974 894 1039 complicibus,
930 974 990 1021 de
1024 976 1271 1031 ministris,
1306 975 1367 1022 de
1396 975 1591 1038 singulis

174 1053 536 1101 circumstantiis
573 1052 734 1100 solerti
769 1052 1160 1116 pervestigatione
1189 1053 1333 1113 facta,
1365 1062 1413 1099 et
1448 1054 1593 1100 totius

174 1131 242 1178 rei
263 1131 326 1178 ad
350 1131 547 1196 plenum
573 1131 767 1178 veritate
791 1139 1038 1194 comperta
1059 1140 1202 1194 atque
1227 1130 1494 1195 explorata,
1522 1131 1594 1176 in-

174 1218 336 1272 gentes
364 1208 619 1272 gratiarum
644 1208 856 1254 actiones
884 1215 931 1253 et
956 1206 1140 1254 debitas
1163 1207 1328 1254 laudes
1357 1206 1594 1271 supplica-

176 1286 420 1349 tionesque
438 1284 611 1331 divinae
633 1284 860 1347 Majestati
880 1283 1086 1330 reddidit
1105 1285 1204 1348 ipse
1224 1284 1452 1331 dominus
1476 1284 1592 1345 dux,

177 1363 311 1428 quod
331 1379 358 1410 a
377 1363 516 1411 tantis
540 1379 651 1410 eum
669 1361 890 1426 periculis
912 1371 1054 1425 atque
1081 1362 1264 1408 insidiis
1292 1363 1596 1408 miseratione

179 1457 263 1488 sua
280 1449 621 1506 praeservasset‚
645 1439 915 1502 similesque
937 1439 996 1486 ab
1017 1439 1240 1486 omnibus
1260 1440 1354 1486 suis
1372 1440 1590 1498 subditis,

179 1518 332 1564 missis
354 1517 587 1582 epistolis’
608 1517 669 1563 ad
693 1516 906 1562 civitates
937 1526 983 1562 et
1008 1517 1210 1579 insignia
1239 1517 1419 1582 oppida
1450 1527 1596 1564 terra-

180 1611 288 1641 rum
305 1589 516 1652 suarum,
536 1610 640 1657 quae
656 1593 1019 1657 conspirationis
1037 1593 1410 1657 insidiarumque
1427 1595 1597 1641 seriem

181 1670 518 1728 continebant,
555 1668 800 1716 humiliter
832 1678 880 1715 et
913 1670 1086 1717 devote
1120 1670 1221 1717 fieri
1256 1681 1476 1735 precatus
1507 1681 1593 1718 est.

182 1748 325 1806 Quod
353 1765 451 1795 non
479 1749 684 1812 segniter
711 1747 888 1811 quippe
918 1764 1071 1811 neque
1099 1748 1391 1812 negligenter
1418 1749 1598 1796 sactum

182 1823 370 1871 exstitit.
403 1827 523 1871 Nam
545 1841 655 1870 cum
679 1824 924 1870 immensis
951 1827 1054 1871 Deo
1080 1824 1300 1871 laudibus
1329 1825 1526 1872 redditis
1553 1835 1599 1872 et

182 1902 437 1965 gratiarum
470 1902 680 1960 actione,
713 1900 845 1964 quod
878 1900 1131 1948 dominum
1164 1919 1303 1948 suum
1332 1903 1593 1967 optimum,

182 1978 280 2025 imo
302 1978 601 2042 semetipsos,
628 1993 657 2023 a
676 1977 819 2023 tantis
842 1977 1039 2024 eruisset
1061 1977 1243 2025 insidiis
1266 1988 1408 2041 atque
1435 1980 1594 2039 malis,

183 2054 326 2102 etiam
356 2069 467 2100 cum
499 2054 633 2100 omni
668 2053 937 2100 devotionis
970 2054 1167 2114 affectu,
1212 2056 1449 2120 supplices
1498 2067 1596 2105 tam

184 2130 374 2195 publice
401 2146 546 2194 quam
569 2132 787 2195 privatim
810 2132 1056 2180 Divinitati
1086 2132 1263 2197 ubique
1291 2145 1519 2198 porrectae
1551 2146 1599 2183 et

186 2207 316 2254 factae
335 2218 446 2255 sunt
472 2212 659 2272 preces,
685 2218 737 2255 ut
764 2209 987 2256 eumdem
1010 2210 1058 2256 in
1083 2221 1238 2268 antea,
1267 2227 1353 2274 per
1376 2228 1597 2275 magnam

187 2300 320 2332 suam
338 2284 729 2344 misericordiam,
753 2302 780 2332 a
802 2285 1034 2332 similibus
1053 2286 1277 2334 omnihus
1294 2288 1599 2336 inimicorum

244 2424 280 2460 1.
310 2422 490 2460 L'auteur
506 2421 635 2460 oublie
654 2422 748 2473 qu'il
768 2435 790 2460 a
804 2422 888 2471 deja
905 2423 1124 2461 mentionne'
1143 2432 1241 2462 cette
1259 2426 1473 2476 pretendue
1490 2427 1601 2466 lettre

191 2479 244 2518 du
262 2481 319 2518 roi
340 2485 392 2532 (p.
415 2483 506 2530 236)
525 2495 573 2520 en
593 2482 649 2520 lui
667 2482 876 2520 attribuant
896 2495 973 2521 une
995 2491 1132 2521 teneur
1151 2483 1366 2524 differente.
1391 2488 1450 2524 On
1472 2488 1603 2540 repete

190 2539 238 2577 ici
257 2539 350 2589 qu’il
379 2543 474 2578 n’est
499 2554 567 2592 pas
595 2542 772 2592 question
791 2541 840 2579 de
858 2541 971 2579 lettre
991 2542 1044 2580 du
1064 2543 1121 2580 roi
1151 2543 1245 2581 <lans
1271 2545 1309 2583 le
1332 2546 1530 2584 manifeste
1551 2547 1602 2583 du

192 2598 267 2635 duc
284 2597 332 2635 de
349 2601 591 2650 Bourgogne,
612 2600 705 2638 mais
721 2601 934 2639 seulement
955 2617 974 2635 <t
993 2601 1201 2640 d’aucunes
1219 2602 1350 2642 lettres
1371 2621 1390 2639 n
1415 2618 1491 2656 que
1511 2619 1603 2657 por-

194 2656 260 2694 tait
280 2656 462 2695 l’homme
483 2659 607 2696 arrete
627 2661 647 2696 a
666 2660 920 2698 Saint—Omer.

244 2716 284 2753 2.
315 2714 415 2753 C'est
440 2717 478 2754 la
497 2718 604 2768 piece
622 2718 715 2757 dont
733 2733 784 2757 on
811 2719 900 2758 s'est
930 2720 1034 2759 servi
1060 2734 1162 2772 pour
1183 2730 1346 2760 annoter
1373 2723 1410 2760 le
1436 2723 1608 2773 chapitre

193 2774 413 2826 precedent,
435 2784 472 2814 et
491 2777 583 2814 dont
600 2791 650 2815 on
670 2792 693 2816 a
711 2779 767 2816 dit
794 2793 869 2830 que
889 2780 924 2817 le
951 2789 1054 2818 texte
1080 2794 1102 2818 a
1120 2781 1180 2819 ete
1200 2781 1327 2819 donne
1353 2796 1424 2833 par
1450 2783 1612 2836 Duclos,

194 2835 291 2873 dans
313 2848 372 2873 ses
392 2848 558 2886 preuves
578 2838 600 2873 a
620 2837 813 2875 l'Histoire
831 2840 878 2875 de
896 2843 1010 2876 Louis
1026 2842 1101 2877 XI.
