2054 3470
729 333 875 370 LIBER
899 332 1098 369 PRIMUS.
1566 333 1610 369 71

212 425 363 473 missis
375 424 439 472 ad
456 420 665 486 singulos
687 418 783 466 suis
803 418 1031 483 epistolis,
1057 427 1246 466 mutuas
1267 419 1494 483 pecunias
1514 435 1620 466 exe-

211 503 300 566 git,
328 499 391 548 ab
411 515 509 547 uno
535 497 679 555 mille,
704 495 765 544 ab
789 495 885 543 alio
910 495 1010 543 duo
1032 495 1206 550 millia,
1233 495 1340 560 plus
1365 496 1440 542 vel
1464 497 1621 544 minus

211 588 354 644 prout
373 578 600 641 cujusque
622 574 862 621 facultates
883 572 1097 620 sufficere
1119 572 1427 637 putabantur.
1453 575 1492 620 A
1515 574 1624 621 civi-

210 655 300 704 bus
314 655 456 704 etiam
468 650 869 716 locupletioribus
887 659 934 697 et
955 650 1225 697 civitatibus
1243 659 1394 697 certas
1414 666 1624 697 summas

211 731 387 780 habere
406 730 642 796 poposcit.
668 731 789 776 Cum
811 743 927 775 vero
950 727 1251 775 intellexisset
1272 727 1323 774 in
1345 726 1445 774 aede
1467 743 1623 787 sacra,

212 808 409 858 ecclesia
431 807 606 855 scilicet
627 806 809 868 majore
835 804 1106 863 Parisiensi,
1132 804 1310 851 servari
1331 803 1549 869 deposita
1570 821 1627 852 ex

213 885 514 934 ordinatione
549 883 740 947 justitiae
771 882 1012 930 curiarum
1040 896 1374 945 supremarum
1400 881 1534 944 regni
1566 881 1628 928 ad

213 978 434 1026 magnam
456 961 559 1008 auri
575 960 907 1024 quantitatem,
938 975 1026 1024 pro
1053 957 1128 1005 his
1152 957 1381 1023 depositis
1407 959 1629 1008 tollendis

214 1039 416 1086 Parisios
438 1037 648 1085 accessit.

279 1115 351 1162 Ad
381 1131 525 1179 quam
554 1113 723 1160 urbem
751 1129 862 1160 cum
889 1129 946 1160 ex
978 1111 1174 1159 diversis
1211 1112 1343 1176 regni
1372 1113 1632 1177 provinciis

217 1191 394 1258 praelati
418 1198 759 1238 concurrerent
774 1225 787 1249 ,
822 1188 884 1236 ad
906 1205 1028 1254 quos
1051 1204 1131 1235 rex
1154 1187 1377 1253 epistolas
1399 1189 1634 1237 direxerat

216 1278 450 1334 quatenus
474 1267 586 1314 illuc
612 1283 822 1314 summas
846 1267 908 1314 ab
936 1266 1050 1331 ipsis
1072 1266 1242 1330 petitas
1266 1266 1343 1312 vel
1367 1266 1630 1328 deferrent,

217 1345 292 1392 vel
311 1344 701 1404 transmitterent,
722 1342 983 1391 aestimabat
998 1343 1168 1406 vulgus
1189 1341 1386 1406 aliquod
1404 1359 1633 1407 magnum

218 1422 567 1487 parlamentum
581 1438 664 1468 seu
679 1421 952 1480 concilium,
969 1437 1058 1486 pro
1075 1419 1346 1468 ordinando
1363 1422 1496 1484 regni
1513 1431 1633 1470 statu

220 1499 270 1545 in
295 1498 540 1546 meliorem
565 1499 791 1556 formam,
816 1515 902 1561 per
924 1514 1084 1562 regem
1111 1497 1288 1544 debere
1319 1497 1549 1546 celebrari
1580 1516 1635 1547 ac

222 1575 390 1622 teneri.
414 1575 507 1621 Sed
532 1575 684 1638 qualis
705 1575 879 1621 exstitit
901 1574 974 1621 sui
994 1574 1231 1621 adventus
1249 1574 1470 1634 intentio,
1490 1576 1634 1640 paulo

222 1662 332 1716 post
366 1653 467 1716 ipse
506 1652 762 1699 declaravit
799 1651 1194 1715 manifestumque
1219 1651 1342 1698 fecit.
1372 1655 1492 1700 Nam
1523 1669 1636 1700 cum

223 1746 309 1794 per
352 1729 453 1776 dies
491 1729 750 1794 plurimos,
790 1746 875 1794 per
914 1728 1049 1776 villas
1092 1729 1233 1792 sylvis
1267 1730 1635 1794 propinquiores

223 1805 409 1853 diversa
428 1807 686 1870 accepisset
707 1806 929 1871 hospitia,
956 1822 1066 1852 cum
1090 1806 1184 1852 suis
1206 1806 1517 1853 venatoribus
1550 1808 1637 1871 syl-

223 1897 304 1930 vas
328 1882 548 1930 venando
570 1898 599 1929 a
620 1899 762 1929 mane
786 1899 934 1946 usque
962 1883 1022 1930 ad
1050 1899 1297 1948 vesperam
1325 1883 1632 1943 collustrans,

223 1960 356 2024 quasi
373 1959 433 2006 ad
453 1959 571 2006 nihil
588 1960 717 2006 aliud
735 1960 942 2023 cogitare
962 1960 1174 2021 deberet,
1197 1960 1366 2008 urbem
1382 1970 1548 2026 postea
1565 1972 1636 2009 est

223 2037 473 2100 ingressus.
499 2039 552 2082 ln
577 2053 673 2101 qua
695 2037 839 2093 duos,
860 2047 942 2085 aut
963 2047 1074 2098 tres,
1102 2037 1176 2085 vel
1198 2038 1359 2103 plures
1380 2038 1481 2085 dies
1502 2055 1636 2085 com-

223 2123 458 2174 moratus,
489 2113 740 2178 explorans
766 2131 978 2179 quanam
1004 2115 1080 2162 via
1104 2115 1436 2163 commodiore
1463 2131 1635 2162 aurum

225 2190 523 2254 hujusmodi,
550 2208 638 2256 pro
663 2192 838 2251 viduis,
865 2191 1078 2257 pupillis,
1103 2193 1419 2256 litigatoribus
1438 2193 1636 2258 aliisque

226 2267 363 2316 variis
384 2268 559 2328 causis,
587 2269 715 2334 apud
737 2269 885 2316 aedem
912 2285 1097 2317 sacram
1122 2270 1311 2335 publice
1338 2271 1635 2336 depositum,

229 2343 327 2408 ipse
349 2345 556 2406 tolleret,
588 2363 647 2392 eo
674 2346 868 2394 tandem
894 2345 1104 2406 sublato,
1135 2347 1198 2395 ad
1224 2365 1334 2396 suas
1358 2349 1532 2396 iterum
1554 2365 1638 2396 ve-

230 2422 443 2470 nationes
464 2422 666 2487 (quibus
688 2440 831 2488 supra
852 2424 1055 2471 modum
1077 2441 1132 2472 ac
1155 2442 1430 2474 mensuram
1449 2426 1637 2474 deditus

233 2498 353 2562 erat)
374 2509 445 2546 est
465 2502 738 2564 regressus¹.

296 2576 497 2623 Fuerant
533 2577 729 2641 quidem
764 2578 985 2625 nonnulli
1017 2578 1076 2626 de
1111 2579 1244 2626 curia
1278 2579 1563 2628 Parlamenti
1592 2589 1639 2627 et

234 2650 377 2714 aliqui
407 2653 702 2708 ecclesiastici
741 2655 943 2721 praelati,
981 2657 1066 2721 qui
1100 2656 1161 2704 ab
1197 2656 1276 2704 illa
1309 2657 1639 2722 depositorum

289 2820 327 2857 1.
357 2822 548 2869 Ingressus
566 2821 660 2862 dans
677 2824 713 2862 le
731 2838 802 2863 ms.
