2054 3470
731 335 878 371 LIBER
902 334 1120 370 TERTIUS.
1558 335 1634 372 257

225 447 336 478 cum
370 441 542 490 magna
577 424 797 487 utrinque
838 421 998 470 laetitia
1039 421 1301 469 conciliatae
1327 432 1439 469 sunt
1474 432 1521 469 et
1555 423 1636 470 fir-

227 516 379 554 matae.
1555 508 1557 510 ’

290 582 496 630 Audiens
516 588 677 626 autem
701 577 802 642 ipse
822 575 1072 623 Edoardus
1093 575 1224 639 quod
1242 576 1441 623 Oxoniae
1454 581 1636 624 comes¹

227 671 272 708 et
294 660 516 708 dominus
538 657 599 704 de
617 654 936 702 Bellomonte¹
951 670 1063 700 cum
1086 653 1188 700 aliis
1211 652 1450 718 pluribus,
1478 653 1540 701 ad
1569 655 1638 701 se-

225 736 429 784 rendum
456 733 626 782 auxilia
651 742 697 779 et
714 730 1014 796 jungendum
1036 746 1086 777 se
1110 729 1178 776 illi
1202 731 1375 794 insigni
1400 731 1638 796 proditori

227 811 453 861 Warviclz
470 848 482 869 ,
510 810 844 867 adventarent,
869 808 996 855 misit
1023 817 1192 855 contra
1225 824 1309 855 eos
1342 819 1527 874 partem
1557 825 1638 856 co-

223 891 411 956 piarum
425 904 620 936 suarum
643 887 706 934 ad
730 886 891 933 villam
911 885 1219 950 Leychestriae
1233 887 1264 932 ³.
1288 888 1324 932 A
1344 902 1456 949 qua,
1473 904 1542 934 111.
1560 886 1638 933 die

224 966 396 1014 mensis
418 965 600 1030 aprilis,
627 964 782 1011 dictus
803 965 1000 1010 Oxoniae
1029 978 1191 1009 comes
1219 972 1266 1009 et
1295 963 1369 1009 sui
1391 963 1479 1010 fusi
1510 963 1639 1026 fuga-

222 1044 350 1107 tique
370 1042 577 1090 suerunt.
605 1044 714 1099 Quo
742 1042 808 1087 sic
830 1040 954 1087 sacto
970 1077 983 1100 ,
1018 1040 1119 1104 ipse
1145 1040 1419 1101 Edoardus,
1451 1057 1532 1087 rex
1555 1042 1640 1089 ite-

221 1137 346 1181 rum,
371 1120 434 1167 ad
456 1120 692 1167 civitatem
710 1118 983 1184 praedictam
1002 1120 1407 1166 Conventrensem
1423 1121 1634 1181 accessit,

219 1197 377 1245 adhuc
409 1206 703 1256 tentaturus,
730 1197 769 1244 si
798 1196 1076 1262 praedictum
1102 1197 1364 1243 maximum
1389 1197 1640 1245 inimicum

221 1292 363 1323 suum
396 1277 619 1322 Warvich
653 1276 701 1322 in
736 1284 952 1340 patentes
987 1291 1210 1339 campos,
1249 1291 1412 1322 secum
1446 1275 1641 1323 dimica-

220 1363 378 1412 turus,
413 1352 617 1400 educere
644 1363 820 1417 posset.
853 1352 925 1399 Ad
947 1368 1070 1416 quos
1104 1368 1215 1398 cum
1248 1369 1337 1399 nec
1360 1353 1511 1412 exire,
1548 1369 1638 1400 nec

220 1448 391 1496 pugnae
419 1431 601 1479 aditum
627 1430 838 1495 praebere
866 1430 1031 1487 vellet,
1067 1429 1152 1476 sed
1178 1431 1303 1477 intra
1337 1431 1513 1478 moenia
1544 1431 1639 1478 val-

220 1507 416 1572 lumque
437 1508 597 1572 potius
627 1507 912 1566 consistere,
953 1522 1224 1571 expugnare
1253 1506 1450 1569 quidem
1473 1507 1636 1555 civita-

220 1593 318 1632 tem
342 1585 494 1650 ipsam
516 1601 596 1631 rex
615 1584 812 1631 adortus
832 1583 918 1630 fuit
933 1593 979 1630 et
994 1584 1281 1631 attentavit⁴.
1309 1584 1401 1631 Sed
1423 1585 1549 1632 cives
1567 1585 1638 1631 lo-

220 1661 359 1726 cique
381 1662 561 1709 incolas
584 1662 858 1721 miseratus,
886 1660 1084 1725 quibus,
1117 1660 1227 1708 licet
1255 1661 1548 1722 insontibus,
1581 1678 1637 1709 ea

218 1755 292 1786 res
315 1749 572 1787 extremam
596 1739 911 1787 calamitatem
932 1739 1104 1786 inferre
1127 1739 1376 1803 potuisset,
1403 1740 1635 1787 delibera·

216 1816 284 1863 vit
322 1817 480 1881 potius
513 1833 676 1864 versus
711 1815 880 1863 urbem
912 1817 1089 1880 regiam
1127 1817 1515 1877 Londoniarum,
1550 1817 1633 1865 ubi

216 1894 489 1950 Henricum,
515 1893 703 1945 hostem
726 1910 884 1952 suum,
910 1910 1000 1958 pro
1024 1910 1133 1957 rege
1155 1910 1205 1941 se
1235 1905 1476 1957 gerentem
1502 1906 1548 1943 et
1580 1897 1630 1942 in

217 1971 421 2034 priscam
443 1971 711 2037 restitutum
734 1969 1018 2030 libertatem,
1044 1971 1302 2019 consistere
1323 1972 1554 2034 audierat,
1582 1990 1631 2020 se

215 2063 325 2094 cum
347 2035 434 2095 suo
452 2048 667 2095 conferre
685 2048 932 2095 comitatu.

282 2125 355 2173 Ad
384 2142 530 2190 quam
563 2141 675 2172 cum
707 2125 1035 2185 adventasset,
1066 2126 1224 2173 statim
1253 2143 1281 2174 a
1315 2127 1500 2176 civibus
1539 2130 1628 2176 mi-

216 2190 365 2251 ninii<
377 2201 715 2249 obsistentibus
744 2219 855 2250 cum
882 2202 1219 2251 benevolentia
1263 2214 1335 2251 est
1372 2216 1624 2270 exceptus,

217 2293 282 2324 xl.
311 2277 387 2325 die
410 2280 585 2326 mensis
613 2279 795 2344 aprilis;
827 2289 874 2326 et
901 2279 1001 2343 ejus
1029 2297 1189 2330 arcem
1218 2297 1484 2346 occupans,
1520 2300 1626 2346 quae

217 2355 373 2403 Turris
394 2357 753 2404 Londoniarum
781 2357 925 2421 vulgo
948 2358 1137 2417 dicitur,
1162 2359 1320 2423 ipsum
1337 2361 1479 2407 etiam
1504 2364 1627 2408 Hen-

269 2504 308 2542 1.
334 2502 367 2540 Il
391 2517 416 2555 y
435 2517 466 2547 ,a
489 2506 569 2542 dax
591 2504 686 2543 dans
712 2504 749 2543 le
771 2517 843 2544 ms.
851 2534 862 2553 ‚
882 2504 978 2542 mais
995 2504 1159 2543 l'auteur
1183 2518 1225 2544 se
1245 2507 1397 2560 corn'ge
1418 2508 1624 2550 lui-meme

217 2559 311 2600 dans
334 2561 371 2600 la
394 2560 531 2614 phrase
550 2563 738 2602 suivante.
757 2565 813 2602 Le
830 2576 922 2602 nom
940 2563 988 2602 de
1007 2577 1050 2603 ce
1069 2573 1193 2603 comte
1211 2564 1396 2605 d’Oxford
1413 2568 1504 2608 etait
1520 2570 1622 2608 John

214 2620 327 2659 Vere.
596 2631 621 2664 ἷζ-

268 2681 308 2718 2.
337 2679 438 2717 John
450 2711 460 2729 ,
480 2682 644 2721 vicomte
662 2682 710 2720 de
727 2686 952 2724 Beaumont.

270 2741 306 2777 3.
336 2739 538 2778 Leicester.

269 2800 307 2836 4.
339 2800 502 2836 Adortus
518 2801 652 2849 fuisset
668 2810 706 2838 et
719 2810 978 2851 attemptasset
994 2802 1088 2840 dans
1108 2803 1143 2841 le
1162 2816 1232 2841 ms.

427 2876 494 2907 ιι·
1383 2878 1433 2913 17
