2054 3470
696 319 844 357 LIBER
871 318 1142 358 SECUNDUS.
1555 319 1634 356 ¹55

216 411 515 460 verissimum
535 416 654 457 erat.
680 405 820 454 Unde
841 403 1095 453 consilium
1124 402 1363 452 dederunt
1376 441 1389 466 ,
1412 406 1452 453 si
1472 406 1636 472 hujus-

216 486 350 536 modi
378 485 518 535 vellet
553 484 715 549 fugere
735 481 1027 549 periculum,
1052 491 1289 546 quatenus
1324 482 1387 530 ad
1416 485 1635 532 Pontem-

215 564 406 624 Archae,
423 562 585 611 locum
596 571 754 609 tutum
767 598 780 623 ‚
806 576 907 608 sese
929 559 1110 624 absque
1132 558 1291 623 aliqua
1312 560 1636 610 retardatione

215 642 463 706 reciperet.
486 637 632 697 Quod
654 637 798 685 etiam
819 636 1072 684 consilium
1086 635 1322 700 impedire
1344 638 1506 685 conati
1524 649 1636 686 sunt

213 716 459 778 nonnulli,
490 717 574 781 qui
602 715 729 764 circa
763 731 877 763 eum
909 713 1183 774 adstabant,
1209 713 1388 761 scilicet
1407 714 1637 764 dominus

215 794 276 842 de
297 793 440 843 Bueil
463 804 513 842 et
538 793 766 841 dominus
788 792 850 840 de
876 792 1158 851 Ckaumont‚
1181 792 1480 840 securitatem
1500 792 1551 840 in
1576 810 1636 841 eo

214 869 323 919 loco
344 869 454 918 ficte
472 880 519 918 et
535 869 862 919 fraudulenter
881 869 971 916 sibi
994 868 1299 934 pollicentes3
1327 869 1412 934 qui
1431 906 1444 928 ,
1466 871 1637 934 procul

208 947 366 996 dubio
381 985 394 1010 ,
418 948 519 1013 jam
545 947 715 996 crediti
749 957 861 995 sunt
895 946 1023 1005 doli,
1050 964 1195 1012 quem
1219 963 1302 994 rex
1327 946 1639 997 machinaba-

210 1034 308 1084 mr,
334 1026 514 1074 conscii
545 1026 686 1074 fuisse
705 1035 849 1089 atque
867 1025 1124 1090 participes
1141 1027 1170 1071 ².
1194 1023 1287 1072 Sed
1313 1023 1392 1072 ille
1413 1025 1638 1091 princeps

213 1103 424 1169 optimus
439 1103 514 1151 eis
533 1103 697 1168 potius
712 1140 724 1163 ,
749 1103 832 1168 qui
852 1102 945 1150 sibi
977 1101 1167 1150 fidelius
1188 1101 1506 1150 consulebant
1521 1139 1534 1162 ,
1560 1119 1638 1150 ac-

212 1180 394 1244 quievit
419 1190 467 1228 et
503 1180 610 1246 ipso
636 1179 738 1239 die,
769 1189 881 1228 ante
910 1179 1025 1227 solis
1057 1195 1310 1240 occasum,
1348 1178 1479 1244 apud
1510 1182 1638 1227 Pon—

210 1258 503 1306 tem-Archae
537 1258 588 1305 in
619 1267 726 1306 tuto
750 1274 800 1306 se
821 1257 1026 1323 recepit,
1050 1255 1286 1322 rediitque
1308 1258 1527 1322 sequenti
1561 1256 1640 1305 die

214 1336 585 1402 Rothomagum.

278 1416 387 1462 Dux
425 1424 587 1461 autem
615 1413 867 1461 Britanniae
901 1413 1178 1461 Cadomum
1211 1413 1517 1472 transiverat,
1557 1413 1640 1462 ubi

215 1491 466 1556 copiarum
484 1507 680 1538 suarum
697 1507 921 1554 magnam
943 1500 1130 1556 partem
1150 1490 1378 1538 habebat.
1405 1490 1476 1538 Ad
1495 1508 1641 1555 quem

215 1584 328 1615 cum
350 1567 447 1615 dux
471 1571 862 1615 Normannorum
893 1567 1074 1632 legatos
1102 1568 1324 1629 misisset,
1353 1567 1641 1616 sciscitatum

215 1643 450 1709 quidnam
469 1645 572 1710 ipse
593 1645 755 1693 animo
776 1645 995 1710 gestiret,
1024 1654 1071 1692 et
1090 1644 1153 1692 ad
1172 1645 1459 1693 tentandum
1482 1645 1641 1694 adhuc

215 1721 256 1769 si
277 1720 340 1768 ad
361 1721 807 1769 reconciliationem
829 1722 1010 1770 inflecti
1025 1731 1204 1788 posset,
1228 1722 1374 1770 iidem
1396 1723 1556 1787 legati,
1578 1723 1642 1772 ad

213 1815 266 1846 se
286 1799 481 1862 reversi,
505 1799 666 1846 omnia
681 1799 742 1847 de
764 1816 823 1847 eo
837 1799 1044 1847 infausta
1063 1809 1111 1847 et
1126 1799 1324 1848 adversa
1334 1800 1636 1848 nuntiarunt.

280 1878 401 1925 Cum
431 1886 592 1925 autem
625 1877 842 1926 rediisset
878 1877 1235 1941 Rothomagum
1271 1877 1369 1925 dux
1394 1881 1641 1926 Norman-

214 1955 332 2014 niae,
366 1954 462 2003 hoc
493 1972 577 2002 rex
613 1955 909 2020 intelligens,
947 1965 993 2002 et
1021 1954 1109 2002 sibi
1138 1955 1335 2004 minime
1370 1955 1433 2004 ad
1470 1966 1641 2004 votum

214 2033 503 2098 processisse
535 2049 655 2096 quas
690 2032 823 2080 fratri
860 2049 950 2079 suo
990 2043 1239 2098 paraverat
1280 2033 1503 2093 insidias,
1538 2051 1642 2082 cer-

216 2125 336 2158 nens
358 2126 525 2158 versus
542 2110 728 2158 bassam
753 2111 1119 2167 Normanniam‚
1145 2112 1521 2176 Argentonium’
1541 2114 1641 2178 pri-

271 2285 308 2323 1.
341 2283 572 2322 Accusation
597 2283 690 2323 bien
718 2296 796 2337 peu
823 2283 1024 2336 probable.
1056 2285 1127 2324 Ces
1153 2285 1258 2325 deux
1284 2285 1485 2340 seigneurs
1512 2287 1641 2325 furent

219 2341 287 2382 des
305 2343 364 2383 six
386 2358 596 2397 personnes
611 2346 838 2397 auxquelles
857 2346 976 2385 Louis
992 2349 1050 2385 XI
1067 2347 1196 2387 refusa
1219 2347 1268 2387 de
1286 2348 1509 2401 pardonner
1527 2349 1641 2400 apres

217 2401 255 2440 le
275 2413 524 2444 mouvement
542 2405 644 2445 dela
661 2405 911 2445 Normandie.
934 2405 1173 2446 L’irritation
1199 2407 1251 2447 du
1275 2409 1333 2447 roi
1357 2417 1490 2447 contre
1507 2408 1641 2447 Pierre

217 2460 439 2502 d’Amboise
466 2464 542 2503 alla
571 2464 726 2516 jusqu’a
754 2465 849 2504 faire
872 2479 981 2504 raser
1002 2466 1040 2506 le
1058 2467 1222 2506 chateau
1242 2467 1291 2507 de
1318 2469 1642 2508 Chaumont-sur-

218 2520 346 2560 Loire.
367 2525 494 2572 Quant
511 2537 562 2562 au
588 2525 770 2577 seigneur
796 2525 846 2564 de
873 2526 981 2564 Beuil
998 2555 1010 2574 ,
1040 2526 1067 2564 il
1087 2527 1215 2565 venait
1244 2527 1293 2565 de
1321 2527 1541 2566 debaucher
1563 2539 1641 2564 une

218 2580 342 2631 partie
365 2582 432 2621 des
456 2577 629 2624 Ecossais
655 2585 703 2623 de
726 2585 765 2624 la
790 2585 911 2638 garde
938 2585 991 2624 du
1019 2585 1102 2634 roi,
1133 2589 1251 2638 qu'on
1279 2600 1329 2626 ne
1352 2595 1422 2638 put
1440 2586 1534 2624 faire
1553 2599 1640 2624 ren-

220 2646 298 2677 trer
315 2640 410 2679 dans
427 2641 464 2681 le
479 2642 614 2682 devoir
631 2647 747 2696 qu’en
763 2646 850 2683 leur
867 2645 1009 2684 livrant
1027 2646 1196 2687 bataille.
1223 2646 1386 2699 Lenglet
1403 2646 1639 2695 Dufresnoy,

222 2701 450 2798 0011ιηῖἰῖῗέ
454 2709 491 2798 ἑ
512 2705 570 2750 ΙΙ,
590 2717 630 2755 p.
651 2707 750 2753 5703
769 2705 992 2757 Chronique
1010 2706 1282 2753 scandaleuse,
1312 2705 1517 2744 decembre
1534 2706 1638 2742 1465

219 2767 258 2798 et
274 2772 352 2797 mai
483 2791 492 2801 .

273 2822 311 2859 2.
344 2821 554 2873 Argentan.
