2054 3470
715 318 863 355 LIBER
895 317 1141 365 QUARTUS.
1563 322 1639 360 353

683 515 1024 561 CAPITULUM
1062 515 1161 560 XV.

256 649 465 698 Quomodo,
481 650 680 686 interventu
698 650 899 698 apostolicae
914 649 1006 685 sedis
1018 649 1138 696 legati,
1154 662 1226 697 pax
1239 649 1333 686 inter
1346 651 1596 700 imperatorem

604 712 637 739 et
655 702 785 740 ducem
797 702 1012 752 Burgundiae
1027 703 1120 739 facta
1133 703 1201 739 fuit
1215 704 1243 738 ¹.

283 828 395 874 Erat
421 834 524 872 tum
544 824 757 872 Coloniae
778 834 826 873 et
844 826 892 872 in
919 825 1083 873 castris
1097 825 1398 891 imperatoris
1421 828 1532 875 satis
1551 828 1640 877 fre-

218 919 371 968 quens
391 912 439 949 et
466 901 682 950 assiduus
711 902 938 964 Andreas,
965 903 1218 968 episcopus
1236 903 1539 952 Forliviensis
1554 908 1585 967 ²,
1610 923 1639 954 a

218 979 330 1028 sede
360 980 619 1046 apostolica
640 980 819 1046 legatus
852 981 902 1027 in
930 990 1088 1046 partes
1118 982 1410 1042 Germaniae,
1445 985 1530 1048 qui
1575 985 1638 1033 ad

215 1074 384 1124 pacem
406 1058 740 1123 hujuscemodi
762 1057 1152 1124 componendam
1176 1059 1381 1106 multum
1396 1060 1575 1109 laboris
1591 1073 1640 1110 et

215 1135 465 1199 vigilantiae
487 1135 821 1202 impendebat;
847 1153 960 1183 nam
988 1136 1185 1199 singulis
1207 1153 1360 1202 prope
1385 1137 1555 1186 diebus
1576 1139 1638 1187 de

215 1212 503 1279 imperatore
524 1213 587 1261 ad
609 1213 800 1275 ducem,
822 1222 870 1261 et
890 1213 994 1260 vice
1017 1229 1169 1274 versa,
1196 1214 1508 1262 intermedius
1535 1233 1640 1280 per-

217 1290 456 1338 currebat.
495 1291 638 1355 Cujus
672 1291 866 1339 tandem
896 1306 1042 1356 opera
1076 1300 1221 1355 atque
1251 1290 1498 1340 laboribus
1525 1293 1640 1341 effe-

217 1376 348 1414 ctum
384 1376 454 1415 est
487 1376 541 1414 ut
570 1377 797 1431 uterque,
823 1367 965 1414 certis
994 1366 1282 1431 quibusdam
1311 1367 1495 1431 legibus
1514 1406 1527 1430 ,
1553 1386 1640 1418 sua

217 1456 369 1494 castra
396 1446 445 1493 in
476 1445 717 1493 diversum
749 1454 988 1505 moveret,
1015 1454 1063 1492 et
1090 1444 1152 1492 ad
1177 1446 1374 1510 propria
1395 1456 1637 1495 reverten-

215 1533 286 1572 tes
300 1561 312 1583 ,
337 1523 515 1588 absque
532 1523 661 1571 bello
690 1524 835 1572 ambo
858 1523 1176 1571 discederent.

281 1601 426 1659 Quod
439 1657 442 1662 Ι
457 1618 568 1649 cum
590 1611 881 1648 conventum
903 1602 1169 1662 exstitisset,
1193 1601 1258 1649 ita
1276 1608 1329 1648 ut
1345 1602 1445 1666 jam
1465 1604 1637 1654 milites

216 1677 352 1726 ducis
374 1679 657 1743 Burgundiae
681 1679 742 1727 ad
774 1678 972 1726 visenda
1004 1688 1157 1726 castra
1187 1679 1452 1744 imperialia
1483 1684 1637 1730 securi

214 1755 513 1818 accederent,
539 1766 586 1804 et
607 1773 634 1803 e
657 1767 842 1813 contra,
867 1756 1182 1821 venirentque
1204 1766 1496 1805 mercatores
1517 1761 1635 1808 Bur-

215 1834 364 1899 gundi
391 1834 453 1882 ad
473 1833 799 1900 comparanda
826 1833 939 1880 vina
971 1843 1284 1898 caeteramque
1319 1838 1634 1885 necessariam

213 1927 459 1960 annonam
478 1949 491 1973 ,
538 1911 712 1976 quibus
744 1911 971 1958 Germani
1004 1911 1338 1971 abundabant,
1386 1916 1634 1978 Burgundi

213 2005 329 2037 vero
349 1989 653 2055 patiebantur
673 1989 943 2054 penuriam,
965 1988 1177 2052 quodam
1201 1988 1302 2050 die,
1329 1989 1503 2039 oborta
1531 1994 1633 2043 rixa

214 2066 340 2113 inter
361 2066 621 2114 nonnullos
642 2082 699 2114 ex
723 2065 952 2113 militibus
974 2064 1227 2113 ambarum
1250 2067 1477 2131 partium,
1497 2087 1634 2135 paene

216 2141 439 2189 effectum
467 2142 554 2189 fuit
574 2152 657 2201 ut,
684 2151 828 2207 rupto
864 2142 1043 2189 foedere
1060 2179 1073 2200 ,
1097 2142 1271 2189 iterum
1294 2144 1461 2192 saevius
1486 2163 1633 2211 quam

216 2229 356 2267 antea
379 2219 440 2268 ad
461 2235 594 2267 arma
613 2229 996 2266 concurreretur.

279 2300 401 2346 Cum
424 2307 583 2344 autem
603 2296 704 2343 haec
725 2297 826 2344 rixa
848 2313 1001 2361 prope
1024 2298 1242 2344 Nussiam
1269 2298 1559 2362 inchoasset,
1584 2313 1632 2351 et

215 2370 450 2441 praes‘idia,
476 2392 581 2440 quae
609 2374 916 2421 Colonienses
940 2390 995 2421 ex
1020 2374 1110 2421 alia
1133 2375 1237 2440 ripa
1256 2375 1432 2436 Rheni,
1462 2395 1520 2425 ex
1542 2397 1630 2445 op-

215 2454 372 2518 posito
394 2455 589 2514 Nussiae,
614 2462 668 2499 ut
686 2468 828 2517 supra
844 2452 1069 2513 diximuS,
1088 2451 1378 2515 locaverant,
1401 2454 1631 2519 huJusce-

216 2529 351 2578 modi
389 2531 538 2578 rixam
581 2529 1053 2590 animadvertissent,
1095 2530 1364 2578 insilierunt
1401 2532 1451 2579 in
1486 2550 1630 2582 naves

217 2608 482 2667 onerarias,
505 2608 716 2671 jacentes
737 2608 787 2655 in
811 2607 998 2668 Rheno,
1022 2607 1071 2654 in
1094 2607 1271 2671 quibus
1291 2609 1389 2656 dux
1411 2613 1631 2674 Burgun-

270 2750 289 2786 1
300 2779 309 2788 .
340 2747 520 2800 Chapitre
537 2747 716 2798 imprime
731 2748 826 2786 dans
838 2747 1114 2797 l’Amplissima
1130 2750 1310 2796 collectio,
1326 2756 1355 2784 t.
1374 2748 1441 2794 IV,
1455 2747 1629 2791 col.783.

270 2812 310 2848 2.
340 2807 558 2847 Alexandra
571 2810 624 2854 (et
637 2820 716 2844 non
729 2819 798 2857 pas
810 2806 955 2854 Andre)
971 2807 1020 2843 de
1031 2807 1269 2853 Malateriis,
1288 2806 1438 2856 eveque
1451 2810 1500 2844 de
1513 2809 1634 2851 Forli.

432 2893 468 2916 11
1368 2879 1419 2914 23
