2054 3470
421 361 497 398 146
704 411 708 415 Δ
784 358 1127 398 HISTORIARUM
1153 359 1392 398 LUDOVICI
1417 360 1475 396 XI

421 452 621 512 sierunt,
646 448 747 497 doli
767 464 823 496 ac
847 447 1062 513 figmenti
1085 449 1273 513 penitus
1294 449 1507 514 ignaros,
1535 461 1622 513 per
1642 464 1764 513 quos
1785 448 1836 496 id

417 527 595 575 caeteris
632 526 692 574 de
724 525 977 573 consulatu
1015 525 1214 574 civitatis
1251 524 1480 573 insinuari
1513 523 1804 573 mandarunt
1819 561 1832 586 ,

416 615 639 671 rogantes
662 603 753 652 sibi
775 602 1048 664 subveniri,
1085 620 1148 650 ne
1176 603 1227 650 in
1254 611 1442 649 tantum
1470 599 1726 649 discrimen
1760 601 1836 649 in-

415 692 678 732 currerent.
1837 745 1841 749 Δ

480 764 590 820 Quo
625 760 797 808 nuntio
832 759 972 807 exciti
1009 769 1152 824 atque
1189 760 1401 808 exterriti
1434 760 1563 808 cives
1598 769 1647 807 et
1688 759 1835 807 totius

413 839 669 904 provinciae
689 837 941 903 primiores
954 871 967 894 ‚
995 837 1079 902 qui
1115 837 1165 884 in
1186 837 1306 885 urbe
1326 847 1462 885 erant
1479 874 1491 896 ,
1524 836 1615 884 sub
1646 836 1833 884 silentio

413 917 611 982 quidem
633 926 680 964 et
708 915 886 980 absque
911 915 1011 964 ullo
1042 916 1156 964 foris
1181 917 1404 983 strepitu,
1435 933 1522 982 per
1544 932 1712 963 omnes
1742 915 1832 963 do-

414 1011 520 1042 mos
552 994 841 1042 mandarunt
876 1003 930 1041 ut
962 994 1293 1058 unusquisque
1329 1010 1378 1041 se
1411 995 1461 1040 in
1497 993 1671 1055 armis,
1709 993 1833 1040 intra

410 1070 613 1118 domum
635 1086 798 1132 suam,
826 1080 1047 1136 paratum
1070 1080 1278 1132 teneret,
1303 1073 1502 1120 minime
1528 1073 1721 1134 exituri,
1750 1082 1833 1120 aut

410 1149 606 1214 aliquod
642 1149 862 1214 pavoris,
903 1159 984 1197 aut
1028 1150 1258 1198 tumultus
1294 1150 1527 1197 indicium
1564 1151 1827 1211 ostensuri,

409 1228 500 1275 nisi
523 1227 656 1293 prius
688 1226 739 1274 id
764 1227 831 1274 eis
854 1226 977 1284 foret
1005 1227 1374 1288 demandatum,
1401 1227 1543 1275 simul
1562 1228 1713 1275 'etiam
1737 1227 1831 1275 dis-

408 1305 546 1352 tricte
599 1304 865 1353 inhibendo
911 1321 975 1352 ne
1012 1305 1109 1352 suis
1147 1304 1418 1370 hospitibus
1440 1342 1452 1366 ,
1508 1320 1631 1369 quos
1681 1303 1830 1368 pluri·

413 1400 517 1430 mos
535 1383 780 1431 habebant
809 1400 864 1430 ex
890 1382 1164 1430 Britonibus
1179 1418 1192 1443 ,
1218 1382 1294 1430 vel
1315 1382 1519 1429 minimo
1540 1381 1690 1430 verbo
1717 1398 1833 1429 con-

409 1462 655 1508 tumeliam
693 1462 1184 1525 quantulamcumque
1210 1469 1292 1506 aut
1319 1459 1544 1524 injuriam
1572 1459 1828 1512 inferrent;

406 1538 523 1602 quin
562 1539 722 1604 potius
762 1537 942 1585 eisdem
971 1538 1135 1585 omnia
1165 1537 1510 1585 benevolentiae
1549 1547 1693 1602 atque
1745 1536 1832 1584 hu-

406 1616 645 1663 manitatis
673 1615 956 1663 exhiberent
978 1614 1152 1663 officia.
1195 1618 1301 1663 Hoc
1324 1615 1454 1662 enim
1485 1614 1702 1678 nihilque
1733 1631 1832 1663 am-

407 1694 532 1759 plius
556 1693 872 1741 intendebant
904 1694 1060 1756 cives,
1098 1709 1245 1758 quam
1273 1693 1405 1759 quod
1433 1703 1630 1758 possent
1657 1693 1830 1741 ducem

406 1788 548 1818 suum
571 1788 777 1832 novum,
802 1772 886 1835 qui
908 1771 959 1818 in
983 1771 1113 1818 dicto
1136 1771 1427 1819 monasterio
1453 1770 1829 1818 Sanctae-Catha-
1884 1764 1887 1765 ⁷

405 1849 521 1895 rinae
555 1848 713 1896 adhuc
747 1859 846 1896 erat
881 1865 993 1896 cum
1026 1848 1149 1896 duce
1181 1848 1460 1905 Britanniae,
1499 1857 1599 1894 tute
1621 1848 1670 1895 in
1693 1865 1829 1896 suam

405 1926 580 1974 ducere
610 1926 780 1973 urbe'm
812 1936 859 1973 et
890 1926 981 1973 illis
999 1964 1011 1987 ,
1048 1943 1153 1991 quae
1183 1926 1274 1973 sibi
1303 1924 1568 1987 metuebat,
1608 1926 1829 1990 periculis

405 2014 549 2069 atque
572 2005 707 2052 malis
730 2006 929 2070 eripere.
960 2007 1080 2051 Nam
1097 2042 1109 2065 ,
1152 2014 1205 2051 ut
1229 2004 1460 2062 diximuS,
1499 2003 1829 2052 indubitanter

406 2083 644 2131 creditum
665 2093 737 2131 est
758 2083 910 2148 quod,
936 2083 1029 2130 nisi
1050 2098 1108 2130 ea
1128 2083 1206 2129 die
1235 2082 1403 2129 urbem
1425 2082 1703 2144 introiisset,
1731 2084 1829 2130 Bri-

406 2173 561 2223 tones,
578 2159 862 2208 adveniente
878 2169 1039 2222 nocte,
1056 2177 1167 2207 eum
1181 2159 1242 2207 ad
1258 2159 1641 2207 Pontem—Archae
1651 2169 1698 2207 et
1712 2160 1827 2208 inde

405 2240 466 2288 ad
486 2257 665 2305 regem,
690 2250 771 2286 aut
791 2240 906 2287 alias
925 2256 1022 2303 quo
1035 2243 1046 2265 ¹
1067 2239 1347 2300 voluissent,
1370 2238 1691 2286 abduxissent.

471 2317 826 2365 Providentiam
851 2318 995 2381 igitur
1018 2318 1144 2364 cives
1167 2316 1451 2365 adhibentes
1483 2333 1547 2363 ne
1577 2316 1629 2363 id
1659 2315 1822 2378 fieret,

405 2394 466 2442 de
504 2395 694 2442 civitate
736 2394 908 2441 missus
944 2403 1015 2441 est
1048 2393 1336 2442 clarissimus
1378 2404 1425 2441 et
1472 2392 1825 2442 strenuissimus

404 2471 556 2531 miles,
576 2475 799 2530 Joannes,
822 2487 985 2519 comes
1001 2471 1272 2530 Haricuriae,
1297 2488 1409 2518 cum
1424 2470 1612 2518 circiter
1630 2479 1824 2518 centum

402 2549 576 2597 lanceis
601 2549 817 2596 virorum
841 2558 1138 2596 armatorum
1168 2549 1367 2613 aliisque
1396 2549 1446 2595 in
1477 2564 1680 2595 numero
1713 2549 1823 2596 satis

400 2627 718 2692 competenti,
745 2631 858 2673 cum
888 2625 1106 2690 plurimis
1128 2625 1365 2673 nobilium
1389 2625 1551 2691 patriae
1574 2635 1621 2672 et
1644 2625 1821 2673 civium

399 2704 550 2766 urbis,
574 2703 634 2751 ad
651 2702 1025 2750 conducendum
1043 2703 1094 2749 in
1114 2703 1283 2751 urbem
1306 2713 1352 2750 et
1375 2702 1656 2750 sociandum
1679 2719 1818 2750 suum

450 2865 487 2902 1.
519 2864 659 2913 Aliquo
678 2860 774 2900 dans
794 2861 831 2900 le
853 2875 925 2901 ms.
