2054 3470
378 341 456 379 156
742 342 1086 381 HISTORIARUM
1109 343 1349 382 LUDOVICI
1371 344 1430 382 xl

377 447 511 479 mum
525 467 539 493 ‚
576 430 751 479 deinde
789 431 1044 492 Falesiam,
1088 441 1135 479 et
1175 432 1445 480 Cadomum
1482 431 1793 498 postmodum

375 509 587 573 trajecit,
615 524 806 573 quaqua
827 507 1174 573 pertransibat,
1201 518 1282 556 aut
1312 508 1528 557 militiam
1551 526 1638 557 seu
1660 525 1793 557 com-

376 588 545 634 missos
571 587 804 648 mitteret,
827 586 990 634 omnia
1019 586 1237 634 auserens
1272 586 1402 633 fratri
1430 597 1477 634 et
1509 586 1571 635 ad
1592 603 1792 635 manum

375 681 512 712 suam
534 680 793 730 reponens.
820 666 924 710 Non
957 664 1085 710 enim
1118 665 1165 710 in
1190 663 1330 712 bassa
1351 665 1645 712 Normannia
1676 665 1791 712 resi-

374 742 595 789 stentiam
634 740 810 789 alicubi
853 741 1062 801 invenit,
1107 741 1154 788 in
1197 742 1331 806 cujus
1372 741 1598 789 omnibus
1642 741 1792 791 ferme

373 819 565 884 oppidis
611 835 666 866 ac
706 817 976 866 civitatibus
1020 819 1266 866 Britonum
1303 820 1594 867 munitiones
1635 828 1789 867 erant.

372 896 516 944 Nihili
558 898 687 944 enim
711 895 954 961 pendebat
986 896 1148 944 datam
1180 897 1310 962 fratri
1347 898 1623 962 caeterisque
1653 898 1794 963 prin-

370 973 583 1039 cipibus,
633 983 679 1021 et
724 974 942 1021 maximis
990 974 1228 1022 firmatam
1269 976 1602 1038 sacramentis,
1645 975 1792 1024 fidem

371 1051 612 1115 frangere,
658 1061 705 1098 et
739 1052 934 1117 perjurii
973 1040 1028 1100 ac
1071 1051 1281 1117 perfidiae
1326 1063 1483 1101 reatus
1527 1054 1788 1102 incurrere.

370 1131 528 1192 Quos,
554 1129 733 1177 frivolae
751 1130 1069 1177 excusationis
1087 1130 1382 1194 velamento,
1406 1130 1611 1196 negabat
1632 1132 1793 1179 incur-

369 1222 474 1253 rere
486 1242 500 1266 ,
527 1207 662 1271 quasi
679 1223 766 1272 per
785 1208 883 1255 vim
898 1217 980 1254 aut
996 1218 1180 1256 metum
1198 1209 1309 1257 talia
1324 1209 1559 1274 promissa
1576 1209 1787 1258 fecisset:

369 1301 475 1348 quae
522 1294 758 1349 quantum
806 1285 996 1349 justitiae
1040 1296 1086 1333 et
1127 1285 1411 1334 honestatis‘
1439 1286 1618 1335 habere
1660 1287 1791 1352 apud

328 1387 335 1395 ι
369 1364 525 1409 Deum
557 1372 604 1409 et
635 1361 858 1410 homines
888 1373 1076 1428 posset,
1112 1363 1316 1411 aliorum
1349 1364 1574 1412 duximus
1605 1364 1787 1429 judicio

371 1438 763 1504 relinquendum.

827 1642 1168 1690 CAPITULUM
1207 1646 1331 1690 XIV.

365 1780 527 1825 Qualiter
551 1779 625 1815 dux
647 1779 878 1817 Normanniae
899 1793 920 1816 a
939 1780 1163 1828 principibus
1186 1780 1403 1828 Burgundiae
1423 1792 1487 1828 per
1504 1781 1638 1827 legatos
1661 1780 1793 1816 auxilia

412 1835 628 1882 postulavit;
655 1843 690 1870 et
725 1834 770 1870 de
797 1847 939 1882 egressu
969 1834 1071 1870 ducis
1098 1835 1329 1871 Normanniae
1360 1847 1379 1868 e
1416 1834 1643 1881 Rothomago
1671 1846 1791 1869 versus

414 1887 675 1922 Honneflutum
685 1916 694 1931 ‚
710 1886 809 1923 unde
824 1889 863 1923 in
878 1887 1100 1923 Britanniam
1121 1900 1203 1922 cum
1218 1887 1310 1922 duce
1324 1886 1516 1922 Britanniae
1530 1885 1707 1923 transivit.

431 2009 611 2057 Videns
632 2019 793 2057 autem
815 2010 1025 2074 optimus
1047 2008 1125 2056 ille
1155 2008 1458 2055 Normanniae
1479 2007 1578 2055 dux
1598 2023 1672 2068 se,
1698 2007 1789 2056 ho-

368 2087 554 2134 minum
574 2096 743 2151 agente
764 2085 988 2151 perfidia,
1016 2086 1396 2132 circumventum
1414 2084 1789 2150 destitutumque

367 2163 566 2226 auxilio,
614 2180 714 2211 non
753 2179 894 2228 posse
934 2173 1103 2210 contra
1140 2163 1354 2227 germani
1405 2162 1478 2209 sui
1518 2162 1789 2227 potentiam

367 2241 581 2288 resistere
597 2279 609 2303 ,
644 2241 773 2288 misit
795 2240 974 2304 legatos
997 2255 1109 2286 cum
1130 2238 1342 2305 epistolis
1361 2238 1423 2285 ad
1446 2237 1787 2287 illustrissimos

368 2322 608 2387 principes
657 2321 963 2386 Philippum,
1009 2320 1183 2367 ducem
1237 2319 1546 2382 Burgundiae,
1595 2327 1642 2366 et
1688 2320 1790 2383 ejus

370 2402 522 2449 filium
537 2438 549 2461 ,
576 2402 831 2449 dominum
854 2401 1079 2449 Carolum
1104 2401 1165 2448 de
1188 2400 1470 2467 Chmvlois,
1507 2400 1788 2465 episcopum

370 2481 740 2528 Lexoviensem¹
766 2489 813 2527 et
840 2480 1094 2527 dominum
1122 2482 1382 2526 Brunetum
1406 2478 1468 2526 de
1492 2481 1782 2544 Longcamp,

423 2602 441 2638 1
452 2630 461 2639 .
492 2599 657 2638 Thomas
675 2598 785 2638 Rasin
803 2599 1015 2638 lui-meme.
1037 2599 1068 2637 Il
1086 2598 1237 2637 revient
1252 2611 1318 2636 sur
1336 2605 1434 2636 cette
1448 2595 1674 2656 ambassade
1692 2597 1788 2636 dans

368 2673 438 2700 son
448 2659 634 2712 Apologie
648 2659 731 2708 (liv.
744 2661 777 2708 Ι,
794 2672 828 2697 c.
842 2663 929 2707 vn),
944 2667 981 2697 et
994 2658 1166 2707 toujours
1180 2671 1229 2696 en
1244 2670 1285 2695 se
1299 2656 1470 2695 donnant
1484 2669 1584 2708 pour
1593 2655 1789 2709 collegues

370 2724 425 2763 les
445 2722 549 2762 deux
568 2734 827 2774 personnages
851 2721 1026 2759 nomines
1048 2720 1112 2761 ici.
1142 2719 1364 2772 Cependant
1388 2719 1492 2756 deux
1516 2717 1645 2770 pieces
1663 2718 1790 2770 diplo-

370 2785 559 2836 matiques
597 2780 864 2834 representent
895 2794 937 2819 sa
968 2781 1124 2819 mission
1159 2792 1308 2818 comme
1341 2778 1515 2831 separee.
1554 2780 1790 2816 Documents

370 2842 525 2892 inedits‚
549 2844 766 2894 Me'langes,
787 2850 815 2880 t.
839 2843 891 2889 Π,
913 2854 951 2892 p.
973 2842 1045 2879 421
1070 2848 1108 2879 et
1124 2842 1216 2878 424.

1325 2923 1340 2947 x
