2054 3470
778 295 927 333 LIBER
948 296 1149 332 PRIMUS.
1615 298 1662 335 81

259 392 440 431 veteres
459 381 827 446 eonventiones,
858 381 1194 429 commissariis
1221 381 1304 429 illo
1329 398 1358 429 a
1389 399 1497 447 rege
1524 384 1667 432 desti-

261 459 381 506 natis
405 456 680 506 deliberavit
704 465 751 502 et
781 456 1013 505 tradidit¹.

323 538 467 582 Erant
483 543 640 582 autem
663 533 832 598 populi
851 543 1084 581 terrarum
1102 533 1309 593 illarum,
1332 537 1590 600 praesertim
1610 537 1670 584 de

261 611 500 660 Ambianis
525 621 573 658 et
601 609 964 672 Abbatis-Villa,
995 612 1172 658 mirum
1200 611 1249 658 in
1280 612 1481 659 modum
1511 613 1602 660 laeti
1625 624 1672 661 et

259 689 499 737 exhilarati
537 687 670 752 quod
701 688 760 736 ad
801 689 878 752 jus
908 704 1100 735 coronae
1142 687 1310 751 regalis
1345 691 1666 749 revertissent,

259 766 319 814 ad
337 764 485 830 quod,
511 774 739 829 tanquam
761 765 821 812 ad
845 766 1059 812 naturale
1080 765 1352 830 imperium,
1378 766 1601 814 dicebant
1623 785 1672 814 se

258 852 467 909 spectare
485 852 530 890 et
548 842 784 907 pertinere
801 842 991 890 debere.
1015 844 1073 890 Et
1090 841 1201 889 licet
1223 841 1310 890 sub
1332 842 1517 891 ditione
1540 843 1673 892 ducis

259 919 674 984 Burgundionum,
702 936 789 985 pro
814 920 1017 985 pignore
1041 919 1243 981 detenti,
1277 936 1332 966 ex
1361 919 1578 968 libertate
1606 922 1671 968 ci·

257 997 355 1059 vili,
377 996 468 1044 sub
486 1013 582 1062 qua
603 997 776 1044 servati
794 997 995 1058 fuerant,
1020 997 1067 1043 in
1094 1012 1289 1059 magnas
1309 1013 1426 1062 opes
1445 1007 1490 1045 et
1508 998 1674 1064 populi

259 1075 611 1123 multitudinem
654 1076 992 1136 excrevissent,
1031 1075 1247 1139 scireque
1283 1075 1418 1122 facile
1452 1086 1676 1140 poterant

259 1153 440 1200 vicinos
458 1170 588 1214 suos,
615 1169 738 1217 quos
763 1153 889 1217 regia
912 1151 1104 1200 tenebat
1124 1169 1311 1211 manus,
1340 1155 1556 1201 maximis
1578 1154 1676 1201 col-

257 1231 488 1279 lationum
513 1241 559 1279 et
581 1231 880 1294 vectigalium
899 1231 1124 1295 angustiis
1144 1246 1332 1296 pressos
1353 1239 1399 1277 et
1421 1247 1674 1297 oppressos

259 1307 449 1372 (idque,
486 1307 590 1356 solo
628 1317 881 1374 prospectu
919 1307 1138 1355 villarum
1178 1316 1224 1354 et
1266 1306 1491 1355 facierum
1533 1318 1675 1374 atque

261 1386 458 1432 amictus
487 1385 776 1450 populorum
806 1385 1049 1448 utriusque
1081 1384 1308 1443 dominii,
1347 1386 1674 1450 unusquisque

260 1478 516 1525 agnoscere
546 1470 592 1508 et
617 1461 877 1525 dijudicare
901 1461 1144 1526 poterat),
1170 1478 1225 1508 ex
1250 1461 1460 1525 quadam
1485 1472 1670 1522 tamen,

263 1538 331 1584 vel
355 1537 623 1601 arrogantia
645 1554 749 1601 quae
770 1554 826 1584 ex
850 1536 1070 1584 secundis
1102 1536 1169 1583 eis
1197 1535 1340 1583 rebus
1359 1547 1669 1601 provenerat,

260 1631 346 1662 seu
367 1615 583 1672 stultitia,
611 1629 706 1676 qua
734 1612 825 1660 sub
858 1612 960 1660 dira
995 1614 1115 1676 regis
1150 1613 1374 1660 servitute
1404 1630 1550 1678 quam
1585 1614 1674 1662 sub

261 1690 389 1738 bona
420 1700 466 1738 et
497 1690 622 1738 civili
652 1690 867 1748 libertate
910 1706 1010 1737 esse
1048 1689 1312 1748 malebant,
1357 1691 1479 1738 miro
1524 1691 1672 1740 modo

260 1769 554 1818 exsultabant
577 1785 626 1816 se
648 1785 675 1816 a
696 1768 831 1815 ducis
854 1767 1036 1815 ditione
1058 1767 1119 1816 ad
1147 1768 1325 1831 regiam
1351 1784 1548 1816 manum
1571 1786 1673 1817 esse

260 1845 529 1895 devolutos.

325 1927 382 1970 Et
410 1923 506 1970 hoc
539 1922 688 1970 modo
717 1922 912 1986 quidem
947 1922 1155 1985 vulgaris
1181 1922 1478 1970 afficiebatur
1514 1924 1673 1972 multi-

259 1999 396 2047 tudo.
424 2001 517 2057 Qui
553 2009 712 2046 autem
745 1998 1020 2045 honestiore
1042 1998 1150 2045 loco
1173 2009 1329 2046 essent
1357 2010 1403 2046 et
1430 2000 1671 2065 insipienti

261 2075 400 2142 vulgo
420 2077 650 2125 oculatius
667 2085 836 2123 cuncta
855 2077 1169 2135 intuerentur,
1195 2076 1335 2140 longe
1351 2077 1484 2125 aliter
1499 2093 1524 2125 a
1544 2078 1671 2143 vulgi

262 2153 521 2201 temeritate
555 2151 837 2200 sentiebant.
877 2151 1016 2199 Unde
1047 2168 1135 2198 nec
1165 2151 1351 2216 plebeia
1384 2153 1668 2217 multitudo,

261 2308 337 2348 duc
353 2316 439 2348 sont
456 2307 585 2347 datees
597 2307 702 2346 l’une
718 2306 771 2345 du
789 2308 838 2344 12
859 2304 1091 2358 septembre,
1111 2305 1248 2343 l'autre
1267 2304 1320 2343 du
1339 2307 1362 2343 8
1379 2306 1537 2346 octobre
1549 2309 1668 2348 1463.

264 2367 422 2420 Lenglet
440 2367 673 2417 Dufresnoy,
699 2368 918 2414 commines,
943 2373 972 2403 t.
997 2367 1050 2414 H,
1071 2377 1111 2415 p.
1135 2365 1227 2402 395.

317 2428 336 2464 1
346 2454 355 2464 .
385 2429 440 2464 La
455 2426 593 2464 remise
604 2425 672 2463 des
684 2433 805 2463 terres
821 2424 1012 2477 engagees
1029 2431 1095 2460 eut
1114 2422 1191 2460 lieu
1204 2422 1241 2460 le
1255 2425 1311 2460 1⁸²
1321 2424 1537 2464 novembre
1550 2428 1669 2467 1463.

263 2487 336 2523 Les
349 2485 624 2523 commissaires
641 2485 820 2536 delegues
839 2497 910 2534 par
928 2484 964 2521 le
982 2482 1041 2520 roi
1061 2484 1082 2520 a
1097 2482 1134 2520 la
1150 2482 1346 2533 reception
1358 2483 1499 2522 etaient
1516 2500 1525 2523 ε
1541 2486 1673 2524 Pierre

264 2542 313 2580 de
329 2543 572 2591 Mox-villiers,
591 2542 809 2583 chancelier
827 2542 875 2579 de
894 2544 1060 2588 France;
1081 2540 1269 2579 Rern-and
1287 2541 1337 2579 de
1356 2544 1540 2582 Beauvau
1552 2575 1561 2592 ,
1581 2545 1673 2595 pre-

265 2601 388 2640 sident
399 2602 447 2640 de
460 2602 499 2640 la
511 2603 691 2641 chambre
708 2603 775 2641 des
787 2611 958 2653 comptes
971 2614 982 2652 ;
999 2602 1221 2640 Guillaume
1231 2603 1422 2640 Jouvenel
1437 2603 1504 2641 des
1515 2605 1672 2651 Ursins;

264 2660 420 2699 Chai-les
434 2661 483 2699 de
493 2662 638 2710 Melun,
651 2662 758 2700 baini
772 2661 821 2699 de
833 2663 952 2710 Sens;
967 2661 1097 2700 Pierre
1109 2661 1238 2710 Berat,
1249 2661 1432 2700 tresorier
1445 2661 1494 2700 de
1506 2665 1672 2711 France;

265 2712 425 2758 Etienne
442 2719 659 2769 chevalier,
681 2721 784 2760 aussi
807 2721 990 2760 tresorier
1007 2721 1057 2759 de
1074 2722 1235 2759 France.
1258 2721 1420 2773 Lenglet
1437 2722 1672 2772 Dufresnoy,

266 2781 419 2827 ibidem,
440 2796 479 2834 p.
502 2784 577 2820 39⁴
597 2791 635 2820 et
653 2785 744 2821 395.

477 2865 511 2888 11
1436 2853 1458 2887 6
