2054 3470
29 3356 36 3470 ......--...

722 368 862 405 Lmen
883 352 1103 403 TERTIUS.
1543 368 1619 406 273

211 470 284 505 tra
301 458 517 504 omnium
533 455 803 502 mortalium
820 453 1099 518 opinionem
1122 463 1239 513 erat,
1260 463 1312 500 ut
1327 453 1462 513 illud,
1486 455 1619 518 quod

192 534 301 581 ‘sibi
327 533 577 596 contigisse
606 531 845 591 videmuS,
874 530 1109 577 ullatenus
1138 546 1224 594 per
1250 546 1361 576 eum
1383 530 1547 594 perfici
1576 541 1622 578 ct

215 610 462 675 adimpleri
478 619 655 674 posset.
673 608 765 655 Sed
786 608 1016 673 profecto,
1031 607 1442 672 quemadmodum
1464 628 1486 653 «
1504 609 1624 655 nihil

213 687 370 734 invitis
390 686 459 733 sas
481 702 774 750 quemquam
795 684 942 732 fidere
958 684 1097 745 divis,
1118 705 1142 727 n
1169 685 1234 732 ita
1254 685 1442 732 volente
1456 688 1558 732 Deo
1579 696 1625 732 et

213 763 312 827 ejus
342 762 624 829 disponente
655 762 958 828 providentia
989 762 1059 825 (in
1093 762 1228 825 cujus
1259 779 1407 809 manu
1437 773 1547 810 sunt
1579 773 1626 810 et

212 842 411 906 imperia
439 841 719 903 hominum,
748 851 817 902 et,
849 842 926 888 cui
955 839 1185 901 voluerit,
1211 841 1286 887 vel
1309 841 1413 901 dat,
1440 841 1515 887 vel
1540 857 1626 887 au-

214 920 302 968 fert
331 930 414 968 aut
440 931 705 986 permutat,
736 930 819 967 aut
848 919 1066 966 transfert
1094 935 1149 966 ea
1181 919 1447 966 secundum
1471 919 1626 966 consi-

211 998 330 1046 lium
348 997 581 1045 altissimae
600 1007 646 1045 et
671 997 987 1045 inscrutabilis
1012 997 1250 1062 sapientiae
1272 1013 1366 1044 suae
1389 1007 1434 1043 et
1457 1013 1627 1043 secun-

213 1074 331 1122 dum
349 1073 573 1138 abyssum
591 1091 789 1122 suorum
800 1074 1108 1138 judiciorum,
1129 1089 1234 1138 quae
1249 1090 1435 1138 semper
1449 1074 1630 1138 absque

216 1151 313 1199 ulla
334 1151 632 1199 dubitatione
658 1152 786 1216 justa
812 1161 948 1212 sunt,
981 1151 1089 1198 licet
1117 1150 1398 1198 mortalibus
1425 1150 1631 1216 plerum-

214 1245 308 1293 que
344 1229 638 1293 incognita),
679 1229 796 1276 nihil
829 1227 1120 1294 impossibile
1153 1237 1233 1275 aut
1270 1228 1333 1275 ad
1366 1237 1629 1275 extremum

216 1303 405 1352 difficile
426 1306 680 1353 invenitur.

679 1524 1020 1570 CAPITULUM
1052 1524 1173 1568 XIV.

294 1661 454 1706 Qualiter
470 1670 599 1708 treugae
616 1661 714 1695 factae
729 1660 872 1694 fuerunt
886 1659 978 1693 inter
991 1670 1109 1705 regem
1127 1667 1160 1692 et
1179 1657 1306 1693 ducem
1327 1658 1542 1705 Burgundiae
1550 1684 1563 1702 ‚

626 1723 660 1749 et
678 1714 792 1749 soluta
809 1712 950 1748 obsidio
966 1711 1223 1747 Ambianensis.

288 1845 380 1892 Sed
415 1845 535 1892 forte
568 1844 815 1893 mirabitur
845 1844 1081 1909 quispiam
1109 1860 1212 1904 cur,
1242 1860 1352 1890 cum
1382 1859 1455 1891 res
1484 1855 1635 1907 gestas

227 1923 476 1983 Ludovici,
502 1926 794 1970 Francorum
816 1922 962 1984 regis,
987 1921 1244 1968 narrandas
1264 1923 1632 1986 susceperimus,

223 2016 298 2048 res
328 2000 588 2064 Anglorum
621 2009 719 2047 tam
758 1999 902 2062 longa
931 1999 1166 2046 historicae
1199 1999 1482 2046 narrationis
1519 2002 1638 2048 serie

226 2076 452 2125 fuerimus
468 2078 722 2143 prosecuti.
742 2079 921 2124 Verum
943 2077 983 2123 si
1007 2093 1088 2135 ea,
1113 2092 1218 2140 quae
1237 2077 1338 2140 jam
1363 2077 1633 2140 retulimus,

227 2164 384 2201 mente
407 2164 674 2216 teneantur,
702 2170 814 2201 cum
838 2153 913 2200 his
935 2170 1040 2218 quae
1063 2170 1227 2200 sumus
1249 2153 1406 2201 adhuc
1428 2154 1478 2201 in
1500 2165 1639 2203 antea

226 2232 435 2292 relaturi,
455 2232 900 2279 convenientissime
919 2230 1061 2278 rebus
1076 2247 1161 2296 per
1181 2232 1479 2279 Ludovicum
1500 2235 1640 2297 gestis

229 2309 280 2357 hi
297 2311 530 2375 anglicani
552 2309 780 2357 tumultus
802 2309 960 2356 civiles
977 2311 1306 2356 contentiones
1321 2310 1483 2356 inserti
1500 2311 1640 2358 fuisse

230 2387 517 2435 videbuntur
541 2406 552 2433 ι
580 2403 693 2434 nam
719 2386 781 2434 ab
801 2403 859 2433 eo
878 2386 1121 2451 ipsiusque
1143 2386 1472 2441 molitionibus
1494 2388 1640 2435 foede-

231 2479 377 2527 reque
406 2481 436 2512 a
462 2481 511 2511 se
528 2479 752 2529 percusso
780 2480 890 2509 cum
911 2463 1126 2527 principe
1147 2463 1329 2510 Walliae
1354 2473 1401 2510 et
1428 2481 1516 2511 suo
1542 2465 1640 2511 fido

233 2541 412 2603 amico,
441 2543 613 2589 comite
645 2542 706 2589 de
731 2541 992 2601 Warvich1,
1019 2541 1184 2589 omnia
1200 2541 1478 2605 hujusmodi
1500 2543 1644 2589 infor·

235 2619 367 2666 tunia
386 2619 595 2684 profecta
611 2630 734 2666 sunt.
757 2618 896 2665 Unde
913 2619 1143 2665 exstincto
1154 2653 1168 2678 ‚
1189 2627 1241 2665 ut
1261 2618 1466 2665 diximus
1478 2655 1490 2678 ‚
1510 2621 1641 2684 prin-

234 2697 338 2760 cipe
373 2696 554 2743 Walliae
570 2734 582 2758 ‚
620 2697 669 2743 in
709 2697 809 2759 ejus
844 2696 1047 2743 archivis
1086 2712 1170 2743 seu
1214 2696 1430 2743 scrinulis
1481 2696 1642 2743 litterae

291 2858 329 2894 1.
360 2854 580 2901 Ci-dessus‚
604 2867 642 2903 p.
667 2855 742 2891 227
767 2863 803 2891 et
825 2855 926 2893 suiv.

448 2937 484 2959 11
1385 2926 1433 2962 18
