2054 3470
777 359 923 395 LIBER
950 357 1150 395 PRIMUS.
1623 361 1674 398 45

329 449 422 496 Rex
437 462 552 494 vero
566 447 768 493 Januam
785 444 875 492 sibi
887 443 1111 492 rebellem
1130 453 1177 492 et
1192 445 1388 492 minime
1405 455 1670 510 parentem,

263 534 404 590 atque
432 526 692 587 Sagonam,
728 538 875 587 quam
918 521 1130 583 tenebat,
1162 522 1258 586 juri
1292 522 1507 587 ejusdem
1539 523 1675 572 ducis

262 602 399 650 cessit
429 610 663 666 perpetuo
698 598 944 647 habendas
992 616 1048 647 ac
1092 598 1431 665 possidendas,
1471 600 1675 648 interve-

262 678 498 727 nientibus
519 677 913 743 promissionibus
935 694 1020 743 per
1047 693 1166 742 quas
1193 677 1291 741 regi
1324 676 1454 725 idem
1482 677 1580 726 dux
1614 679 1676 726 de

262 765 390 806 certo
423 756 627 817 militum
660 759 889 816 numero,
920 756 1116 820 quando
1147 756 1197 803 id
1228 761 1532 821 exposceret,
1571 759 1676 822 opi·

261 836 398 884 tulari
419 845 465 884 et
483 835 659 884 servire
674 844 914 893 teneretur
927 837 956 881 ¹.
980 833 1238 882 Ferebatur
1260 835 1387 882 enim
1408 844 1455 882 et
1474 834 1676 883 voluisse

259 913 538 961 comitatum
574 916 819 961 Astensem
850 912 1066 960 similiter
1099 910 1256 959 eidem
1302 911 1414 959 duci
1453 912 1671 972 cessisse,-

196 997 201 1001 '
260 990 347 1038 nisi
368 990 416 1038 in
448 991 743 1038 contrarium
773 990 1178 1038 Aurelianensium
1201 988 1322 1046 dux,
1349 989 1411 1037 ad
1445 1007 1588 1054 quem
1617 1007 1677 1037 ex·

261 1077 472 1116 materna
494 1069 791 1116 successione
806 1070 820 1093 ²
844 1068 1127 1134 pertinebat,
1152 1067 1409 1115 obstitisset
1432 1077 1574 1132 atque
1601 1085 1675 1115 re-

258 1143 518 1194 clamasset.
555 1149 658 1194 Hoc
691 1146 850 1211 itaque
883 1146 1030 1194 modo
1062 1146 1235 1194 ducem
1271 1144 1557 1206 Mediolani,
1597 1146 1675 1193 eui

258 1224 401 1290 paulo
431 1235 541 1273 ante
568 1223 751 1272 bellum
784 1241 834 1272 se
856 1224 1100 1272 illaturum
1122 1241 1201 1272 rex
1224 1224 1325 1290 ipse
1346 1223 1517 1270 minari
1538 1233 1675 1288 puta-

257 1300 413 1363 batur,
443 1319 543 1350 non
580 1302 730 1350 modo
755 1301 926 1350 talibus
947 1301 1089 1349 minis
1110 1300 1385 1362 liberatum,
1415 1300 1500 1349 sed
1525 1309 1572 1348 et
1598 1303 1676 1348 Ja-

261 1395 408 1427 nuam
429 1389 476 1427 et
498 1382 759 1444 Sagonam,
786 1397 892 1445 quae
914 1380 1035 1427 ultra
1056 1395 1210 1427 annos
1233 1379 1422 1443 triginta
1444 1395 1471 1426 a
1493 1377 1674 1426 ducum

260 1455 684 1505 Mediolanensium
708 1457 961 1506 dominatu
985 1457 1306 1518 desciverant,
1344 1473 1433 1504 suo
1472 1456 1674 1521 imperio

260 1543 446 1582 constat
478 1534 620 1582 fuisse
652 1536 904 1583 restitutas.
937 1538 1055 1582 Nam
1081 1538 1232 1583 Janua
1254 1534 1478 1597 quidem,
1516 1551 1621 1599 quae
1648 1550 1677 1582 a

260 1613 549 1659 Francorum
565 1612 800 1660 desecerat
822 1613 1042 1678 imperio,
1062 1612 1250 1671 Carolo‚
1273 1611 1420 1675 ipsius
1443 1611 1675 1658 Ludovici

258 1699 416 1754 patre,
453 1689 612 1736 adhuc
649 1690 837 1737 vivente
852 1691 882 1750 ⁸,
918 1699 1028 1756 post
1067 1690 1167 1737 haec
1204 1687 1384 1736 soedera
1426 1687 1581 1735 libens
1624 1690 1673 1736 in

257 1766 620 1815 Mediolanensis
641 1767 776 1815 ducis
802 1769 1035 1816 concessit
1057 1767 1310 1815 ditionem.
1404 1768 1407 1770 ’

709 1990 1051 2036 CAPlTULUM
1086 1992 1207 2036 XIII.

301 2121 459 2165 Qualiter
479 2134 541 2158 rex
555 2122 771 2158 Britanniam
787 2122 1007 2158 Armoricam
1023 2123 1176 2159 visitavit
1197 2132 1232 2158 et
1253 2136 1334 2158 cum
1359 2122 1450 2158 duce
1469 2123 1625 2171 ejusdem

523 2176 739 2212 simultatum
756 2185 790 2212 et
804 2175 1031 2211 dissensionis
1045 2188 1189 2212 causam
1203 2175 1400 2212 adinvenit.

321 2296 526 2359 Contigit
558 2305 717 2343 autem
752 2306 804 2343 ut
834 2295 1129 2356 Ludovicus‚
1156 2306 1410 2361 postquam
1446 2297 1579 2360 regni
1603 2297 1675 2344 sui

257 2372 501 2439 pacificam
523 2373 766 2422 habuisset
796 2375 1147 2439 possessionem
1165 2412 1177 2435 ‚
1204 2391 1260 2422 ex
1282 2376 1487 2422 Turonis
1511 2380 1677 2423 Armo-

312 2513 350 2550 1.
379 2510 505 2550 L’acte
524 2511 572 2550 de
590 2520 688 2551 cette
705 2512 872 2562 cession,
899 2512 1006 2565 signe
1026 2514 1048 2551 ἒι
1066 2513 1220 2551 Novion
1239 2513 1329 2565 pres
1348 2511 1614 2563 d’Abbeville,
1640 2512 1676 2551 le

259 2569 310 2606 22
322 2568 648 2620 decembre1463,
671 2580 728 2610 est
745 2585 798 2610 un
812 2571 889 2610 bail
910 2573 932 2609 ὸ
949 2572 1017 2610 fief
1025 2571 1274 2612 hereditaire.
1296 2571 1328 2610 11
1345 2571 1499 2623 specifie
1519 2571 1677 2609 l'inves-

259 2625 372 2665 titure
390 2628 539 2667 donnee
555 2630 592 2668 le
614 2631 738 2669 meme
753 2631 844 2679 jour
860 2645 910 2670 au
925 2622 1107 2683 seigneur
1122 2631 1302 2669 Alberico
1325 2631 1497 2679 Mallem,
1514 2630 1676 2682 de'legue

261 2683 314 2722 du
331 2684 404 2723 duc
421 2687 468 2726 de
484 2689 603 2727 Milan
620 2699 657 2727 et
673 2689 721 2728 de
737 2691 1049 2730 Blanche-Marie
1061 2723 1071 2741 ,
1093 2705 1133 2730 sa
1153 2692 1309 2732 femme.
1329 2694 1595 2730 Ordonnances
1610 2694 1676 2729 des

261 2745 334 2780 mis
347 2746 395 2781 de
411 2748 566 2796 ance,
585 2756 612 2787 t.
633 2751 744 2798 XVI,
766 2763 804 2801 p.
831 2753 922 2789 146.

313 2804 353 2842 2.
383 2803 414 2842 11
433 2806 541 2858 s’agit
556 2806 603 2845 de
623 2808 780 2848 Charles
798 2810 998 2849 d’Orleans
1010 2840 1021 2859 ,
1045 2811 1103 2848 fils
1123 2810 1171 2849 de
1192 2810 1393 2849 Valentine
1414 2809 1463 2848 de
1483 2809 1615 2848 Milan.

315 2865 354 2902 3.
384 2867 442 2902 Au
461 2877 786 2907 commencement
805 2869 852 2908 de
870 2870 1021 2909 l'annee
1042 2873 1162 2910 1461.
