2054 3470
778 314 918 350 LIBER
943 312 1162 348 TERTIUS.
1606 311 1684 350 263

743 487 1084 535 CAPITULUM
1119 488 1198 532 XI.

291 627 342 660 De
361 625 472 660 altero
486 625 609 672 praelio
626 623 723 672 apud
744 622 916 665 rambert,
935 622 972 656 in
993 634 1065 668 quo
1085 621 1252 656 occubuit
1273 621 1442 657 dominus
1453 621 1657 665 Edon-dus,

660 677 826 724 princeps
838 675 1000 719 walliae,
1020 687 1102 710 cum
1118 675 1239 710 multis
1251 675 1278 710 ¹.

329 793 522 842 Audivit
553 793 789 858 siquidem
816 792 1083 852 EdoarduS,
1111 809 1207 840 xw.
1250 791 1467 857 ejusdem
1507 795 1684 842 mensis

264 871 383 931 die’,
408 888 464 918 ex
489 871 641 919 Gallia
673 871 923 918 dominam
948 873 1277 934 Margaretam‚
1301 871 1496 918 Henrici
1515 873 1684 936 conju-

264 966 390 1015 gem,
417 967 530 998 cum
552 950 796 1009 Edoardo,
830 949 929 997 filio
954 966 1067 1011 suo,
1101 949 1230 997 dicto
1258 949 1476 1015 principe
1498 951 1684 998 Walliae

264 1028 400 1091 (cum
421 1044 519 1092 quo
541 1029 821 1092 praeclarum
840 1027 975 1084 illud,
1002 1027 1062 1074 de
1082 1043 1180 1091 quo
1194 1043 1340 1092 supra
1356 1027 1680 1090 meminimus,

263 1104 416 1154 foedus
439 1109 732 1153 Francorum
752 1123 834 1153 rex
849 1104 1134 1170 copularat),
1158 1104 1455 1152 descendisse
1469 1115 1516 1152 et
1534 1122 1686 1171 appu-

262 1183 370 1231 lisse
392 1183 443 1230 in
466 1182 704 1246 Angfiam,
727 1199 891 1230 versus
914 1192 1068 1247 partes
1090 1181 1453 1241 occidentales³‚
1494 1183 1543 1229 in
1574 1183 1683 1247 qui-

263 1259 356 1308 bus
371 1260 688 1325 plurimorum
705 1277 959 1325 procerum
978 1258 1215 1307 nobilium
1230 1269 1372 1322 atque
1388 1259 1682 1324 populorum

265 1336 448 1384 favores
469 1338 734 1402 praecipuos
756 1346 898 1402 atque
919 1337 1093 1384 auxilia
1115 1335 1414 1397 inveniebat3
1451 1336 1684 1401 quodque

266 1414 521 1478 trajecisset
545 1415 714 1463 eadem
735 1417 898 1478 regina
919 1415 981 1464 ad
997 1416 1236 1463 civitatem
1258 1416 1584 1463 Oxoniensem
1599 1418 1613 1441 ⁶
1636 1427 1684 1464 et

266 1503 426 1558 partes
442 1493 564 1553 ilias,
589 1493 671 1541 ubi
687 1494 894 1559 partium
917 1494 1072 1541 mariti
1094 1495 1168 1540 sui
1191 1502 1239 1540 et
1254 1494 1442 1541 comitis
1461 1493 1522 1541 de
1544 1497 1683 1541 War-

267 1571 367 1618 vich
389 1571 676 1635 agnoscebat
689 1588 790 1619 esse
808 1571 1095 1636 pertinacius
1117 1570 1411 1618 defensores.

329 1649 515 1706 Quibus
527 1649 671 1696 rebus
683 1649 854 1696 auditis
867 1659 914 1697 et
924 1649 1186 1708 intellectiS‚
1203 1649 1304 1714 ipse
1318 1665 1397 1696 rex
1412 1649 1678 1710 EdoarduS,

263 1726 365 1790 qui,
390 1737 501 1792 post
522 1727 770 1774 victoriam
786 1727 1063 1793 praedictam
1080 1763 1092 1786 ‚
1130 1742 1180 1772 se
1216 1725 1489 1774 Londonias
1513 1737 1684 1789 contu-

262 1801 395 1860 lerat,
422 1804 594 1850 iterum
619 1819 728 1850 xx11.
765 1803 843 1851 die
876 1802 1090 1866 ejusdem
1113 1802 1305 1861 mensiS‚
1332 1812 1443 1850 octo
1465 1803 1685 1851 videlicet

261 1878 492 1928 duntaxat
527 1897 554 1927 a
587 1881 747 1945 priore
776 1880 938 1946 praelio
972 1879 1144 1927 diebus
1178 1881 1375 1939 exactis,
1423 1882 1683 1928 exercitum

262 1974 402 2005 suum
439 1957 501 2004 ad
534 1974 730 2023 campos
764 1957 978 2004 adduxit.
1006 1957 1208 2005 Videbat
1239 1957 1370 2004 enim
1400 1973 1570 2022 parum
1592 1958 1680 2005 sibi

263 2050 363 2082 esse
393 2034 526 2098 quod
555 2035 627 2082 sui
658 2034 958 2099 perfidissimi
981 2034 1240 2100 proditoris
1272 2034 1495 2081 Warvz'clz
1528 2035 1682 2082 victor

262 2111 525 2173 exstitisset,
552 2112 642 2158 nisi
672 2112 815 2159 etiam
848 2111 1075 2159 adversus
1103 2113 1228 2159 hanc
1249 2112 1463 2176 reginam
1483 2112 1680 2177 ejusque

262 2187 412 2235 fllium
428 2225 440 2248 ,
471 2190 533 2236 ad
565 2206 687 2253 quos
719 2189 929 2254 plurium
951 2190 1100 2236 animi
1126 2189 1402 2237 ferebantur
1418 2226 1430 2249 ,
1473 2199 1519 2236 et
1541 2189 1683 2254 longe

263 2266 454 2329 majoris
490 2267 635 2331 partis
671 2267 821 2330 regni,
848 2276 946 2314 tam
973 2267 1022 2313 in
1054 2267 1247 2314 Henrici
1277 2282 1422 2331 quam
1461 2268 1684 2314 Warvich

263 2342 533 2407 interempti
556 2344 791 2404 favorem,
818 2343 993 2407 quibus
1017 2344 1193 2390 mirum
1215 2345 1263 2390 in
1294 2343 1494 2391 modum
1516 2342 1680 2408 plures

265 2418 607 2479 afficiebantur,
635 2420 763 2467 bello
787 2420 1066 2481 decertaret,
1097 2421 1316 2485 viresque
1345 2421 1447 2484 ejus
1470 2437 1683 2467 suarum·

266 2512 359 2559 que
398 2496 604 2544 fautores
649 2498 856 2563 partium
902 2499 1192 2563 opprimeret
1244 2508 1386 2563 atque
1436 2498 1675 2561 dejiceret.

320 2626 357 2661 1.
387 2624 566 2677 Chapitre
585 2627 656 2664 tire
678 2626 726 2665 de
745 2628 782 2665 la
803 2629 927 2666 meme
945 2641 1080 2666 source
1098 2641 1174 2679 que
1192 2628 1229 2667 le
1248 2627 1471 2680 precedent.

320 2685 357 2722 2.
390 2687 443 2722 Le
463 2687 513 2722 16
536 2685 634 2725 avril
654 2689 771 2726 1471.

323 2746 359 2782 3.
395 2762 412 2777 ιι
434 2747 495 2782 Au
511 2758 606 2795 pays
624 2745 672 2783 de
689 2748 811 2794 West,
838 2765 854 2780 ι»
875 2746 969 2784 dans
989 2746 1027 2783 la
1048 2746 1211 2784 relation
1231 2759 1280 2784 en
1302 2745 1479 2797 srancais.

322 2806 360 2842 4.
390 2803 566 2854 Corrigez
588 2807 861 2844 Exetriensem.
885 2823 904 2840 α
924 2810 956 2844 Α
974 2806 1012 2843 la
1030 2806 1103 2844 cite
1120 2805 1168 2843 de
1187 2808 1382 2843 Excestre.
1403 2821 1421 2837 n
1443 2804 1544 2842 Ibid.
