2054 3470
665 368 667 370 ,
726 321 873 359 mmm
898 319 1098 358 ptumus.
1566 322 1616 358 oa

211 413 388 460 riorem
422 409 621 459 Galliam
657 407 922 465 redierunt,
962 405 1135 452 multas
1169 405 1363 469 quidem
1398 406 1533 454 famis
1570 417 1618 455 et

210 489 402 548 inediae,
433 486 498 535 ob
527 501 730 534 annonae
759 484 1003 532 caritatem
1034 492 1077 530 el
1102 481 1316 529 calorum
1344 483 1616 531 aestivorum

210 565 641 632 intemperantiam,
672 562 909 611 molestias
931 560 1077 626 passi,
1104 560 1187 607 sed
1211 576 1508 624 aggressuras
1534 571 1616 608 aut

211 643 491 692 resistentias
515 641 576 689 ab
604 639 822 687 hostibus
848 638 1002 685 nullas
1024 647 1106 684 aut
1127 638 1387 684 rarissimas
1411 639 1611 702 experti.

209 723 382 770 Tantus
415 720 545 768 enim
579 717 745 765 Gallici
778 716 987 763 nominis
1021 732 1285 779 eorumque
1320 715 1527 763 audaciae
1559 732 1615 763 ac

210 798 382 844 virium
401 806 555 844 terror
577 795 797 858 famaque
821 809 992 840 eorum
1013 793 1333 856 arrogantiam
1354 802 1496 856 atque
1514 793 1614 856 jac-

210 873 405 920 tantiam
441 871 745 929 retuderant,
770 879 846 930 ut,
874 868 1102 916 vecordes
1131 878 1176 915 et
1199 868 1346 915 veluti
1377 869 1616 916 exanimes

207 947 384 1009 effecti,
416 965 514 996 non
540 948 602 996 de
625 946 923 996 conserendo
950 945 1136 1011 praelio,
1169 946 1254 994 sed
1283 946 1345 994 de
1375 946 1474 994 sola
1507 946 1616 1010 suga

207 1027 484 1090 cogitarent.

272 1106 529 1168 Postquam
553 1113 713 1151 autem
736 1119 763 1150 e
785 1102 920 1150 terris
944 1101 1034 1149 illis
1058 1101 1303 1149 Gallorum
1325 1102 1514 1166 agmina
1537 1119 1616 1150 ex-

208 1191 472 1243 cesserunt,
498 1180 703 1246 plurima
726 1196 783 1227 ex
804 1164 1004 1228 castellis
1029 1189 1075 1226 et
1097 1178 1336 1244 oppidulis
1358 1196 1444 1244 per
1465 1197 1548 1228 eos
1570 1180 1617 1227 vi

208 1257 285 1306 vel
301 1257 543 1307 deditione
559 1258 803 1323 receptis¹,
827 1273 856 1304 a
876 1273 965 1304 suo
988 1273 1096 1320 rege
1118 1257 1290 1304 iterum
1313 1257 1373 1303 ad
1397 1258 1618 1304 Barcino-

209 1336 429 1383 nensium
459 1345 614 1401 partes
643 1345 691 1382 et
719 1334 984 1399 generalem
1016 1333 1262 1382 rebellium
1294 1336 1619 1383 communita-

211 1422 305 1460 tem
322 1412 615 1460 desecerunt.
644 1412 1030 1476 Perpinianenses
1054 1421 1236 1473 autem,
1264 1413 1346 1477 qui
1369 1413 1568 1461 minime
1590 1429 1617 1460 a

211 1489 456 1538 Gallorum
483 1491 690 1538 exercitu
716 1489 903 1537 fuerant
929 1490 1131 1554 impetiti
1155 1491 1235 1554 (eo
1261 1490 1418 1555 quod,
1449 1508 1616 1555 quem-

211 1566 473 1615 admodum
494 1567 668 1615 exstitit
688 1566 892 1625 dictum,
917 1567 1160 1615 celerrime
1182 1568 1385 1617 claustra
1410 1570 1619 1634 Pyrenaei

211 1653 459 1707 penetrare
479 1653 621 1708 atque
642 1644 904 1708 irrumpere
929 1644 1163 1709 compulsi
1187 1654 1318 1706 sunt,
1346 1655 1399 1692 ut
1419 1647 1614 1710 reginae,

210 1736 355 1784 quam
394 1721 763 1768 Barcinonenses
786 1721 1035 1785 caeterique
1067 1722 1229 1786 patriae
1261 1722 1457 1771 rebelles
1490 1724 1617 1789 apud

210 1797 486 1846 Gerundam
522 1798 759 1845 civitatem
798 1797 1110 1860 obsederant,
1145 1800 1319 1847 auxilia
1353 1800 1619 1865 praeberent

208 1874 466 1938 solatiaque
481 1874 768 1937 succursus),
792 1875 991 1922 moleste
1010 1877 1208 1923 nimium
1228 1877 1441 1925 ferebant
1460 1879 1618 1927 Gallo-

209 1967 316 1998 rum
348 1952 685 2012 munitionem,
713 1967 858 2015 quam
890 1953 938 1998 in
971 1969 1078 2000 arce
1101 1954 1173 2000 sui
1198 1953 1364 2018 oppidi
1394 1971 1476 2002 rex
1502 1959 1617 2006 Ara-

209 2045 410 2092 gonum,
430 2029 564 2092 juxta
586 2029 763 2077 soedera
786 2046 896 2077 cum
920 2034 1213 2079 Francorum
1237 2049 1347 2095 rege
1372 2051 1614 2098 percussa,

208 2104 458 2154 locaverat.
482 2106 637 2167 Unde,
662 2124 773 2154 cum
794 2108 1076 2155 eorumdem
1094 2109 1341 2157 Gallorum
1361 2113 1618 2162 exercitum

211 2182 534 2247 militiamque,
555 2183 727 2231 finibus
743 2186 907 2250 patriae
924 2203 1019 2234 suae
1032 2203 1290 2250 egressum,
1310 2189 1359 2235 in
1371 2192 1618 2240 Franciam

211 2261 450 2308 revertisse
471 2271 795 2325 agnoscerent,
822 2279 983 2310 arcem
1006 2264 1157 2328 ipsam
1175 2282 1286 2312 cum
1309 2268 1490 2316 auxiliis
1511 2273 1618 2318 Bar-

213 2336 539 2386 cinonensium
558 2338 855 2403 aliorumque
874 2339 1126 2388 rebellium
1143 2358 1314 2405 magna
1334 2345 1381 2391 vi
1399 2345 1619 2395 obsidere

213 2424 453 2477 coeperunt
472 2435 483 2461 ε
503 2425 792 2463 exstruentes
808 2433 999 2480 aggeres
1015 2417 1318 2483 hastiliasque
1328 2420 1462 2483 juxta
1479 2441 1619 2471 suum

217 2489 443 2553 oppidum
467 2500 514 2538 et
541 2498 692 2553 extra,
725 2502 772 2539 et
801 2494 1015 2557 petrariis
1043 2510 1100 2541 ac
1127 2487 1377 2544 tormentis
1404 2499 1618 2562 ejusdem

216 2566 356 2627 arcis,
388 2584 483 2631 quo
514 2568 693 2617 facilius
722 2572 983 2635 expugnari
1011 2571 1071 2618 ab
1099 2572 1165 2620 eis
1189 2584 1369 2638 posset,
1402 2585 1553 2624 turres
1572 2587 1620 2624 et

218 2645 569 2708 propugnacula
599 2646 801 2710 dejicere
835 2658 1115 2712 satagentes.
1153 2652 1308 2708 Quam
1341 2669 1368 2700 e
1403 2653 1614 2714 diverSO,

270 2817 306 2852 1.
336 2816 498 2865 Recepta
519 2815 612 2855 dans
629 2817 685 2856 les
703 2831 794 2858 mss.
