2054 3470
763 346 909 382 LIBER
933 345 1151 381 TERTIUS.
1588 345 1658 380 251

256 434 553 499 gundionum
572 431 797 479 deficiens
819 431 967 489 duce,
994 429 1054 477 ad
1078 431 1197 493 regis
1219 446 1268 476 se
1293 429 1489 476 tradidit
1503 430 1668 476 volun-

257 522 419 560 tatem.

706 631 1045 676 CAPITULUM
1082 631 1203 674 V111.

257 761 412 804 Qualiter
425 760 498 795 dux
514 759 726 806 Burgundiae
742 758 1039 794 Abbatis-Viuam
1057 756 1206 791 munivit
1218 784 1227 799 ,
1245 757 1425 791 castellum
1444 755 1489 790 de
1502 758 1670 804 Piquegny

537 821 777 860 expugnatum
799 811 957 846 incendit
969 820 1003 845 et
1017 811 1212 846 Ambianos
1230 809 1382 845 obsedit.

255 941 261 946 ’
321 927 428 972 Haec
450 935 609 973 autem
632 943 706 972 res
723 926 822 990 jam
846 924 1107 972 inchoandi
1126 924 1240 972 belli
1270 924 1428 990 palam
1453 935 1500 972 et
1527 935 1670 972 noto-

255 1003 325 1050 rie
363 1019 554 1050 causam
589 1004 766 1064 attulit,
806 1019 907 1049 nou
950 1002 1114 1050 relicto
1158 1002 1362 1067 amplius
1399 1002 1672 1067 ambigendi

255 1079 387 1142 loco,
429 1081 547 1145 quin
590 1097 676 1146 per
716 1081 817 1127 haec
860 1079 1013 1127 foedus
1046 1079 1177 1144 apud
1215 1083 1450 1127 Peronam
1483 1097 1672 1145 percus-

255 1173 362 1204 sum
383 1168 578 1224 ruptum
602 1159 802 1205 omnino
823 1158 1148 1220 violatumque
1171 1157 1308 1203 foret.

318 1238 439 1282 Cum
467 1246 627 1283 autem
653 1236 754 1283 haec
780 1236 844 1282 ita
879 1244 1006 1299 gesta
1039 1235 1232 1282 fuissent
1260 1235 1671 1300 verisimiliterque

257 1312 536 1361 addubitare
559 1313 656 1360 dux
681 1313 960 1377 Burgundiae
987 1322 1170 1378 posset,
1203 1330 1263 1359 ne
1293 1313 1481 1377 longius
1511 1313 1672 1361 latius·

259 1406 377 1454 que,
416 1391 507 1437 nisi
539 1390 678 1454 objex
716 1400 993 1455 poneretur,
1034 1388 1242 1454 coeptum
1274 1391 1431 1454 atque'
1454 1399 1672 1437 exortum

260 1476 533 1530 evagaretur
554 1467 829 1515 incendium
858 1467 988 1532 (nam
1019 1477 1063 1513 et
1089 1467 1275 1514 animos
1297 1467 1472 1513 civium
1497 1466 1557 1513 de
1580 1466 1673 1512 Ab·

259 1544 527 1593 batis-Villa
548 1545 885 1610 nonnullisque
910 1545 1010 1592 aliis
1033 1544 1243 1610 oppidis,
1280 1561 1384 1608 quae
1414 1561 1471 1591 ex
1501 1544 1674 1592 foedere

263 1623 392 1686 pacis
421 1623 519 1686 jam
548 1622 663 1669 bina
696 1623 796 1670 vice
827 1639 936 1669 cum
966 1639 1074 1686 rege
1105 1623 1380 1686 compositae
1406 1631 1670 1686 acceperat,

263 1698 445 1761 fragiles
479 1709 526 1745 et
559 1698 886 1746 mutabundos
920 1698 1227 1762 agnoscebat,
1263 1715 1538 1763 pronosque
1574 1715 1672 1744 non

261 1775 419 1821 minus
441 1775 834 1823 Ambianensibus
861 1776 923 1824 ad
945 1776 1263 1824 defectionem
1286 1775 1598 1838 faciendam),
1625 1792 1675 1822 se

261 1869 372 1898 mox
393 1851 522 1917 apud
541 1853 923 1902 Abbatis-Villam
939 1854 1155 1902 contulit.
1172 1857 1287 1911 Quae
1305 1854 1460 1918 primo
1480 1853 1674 1916 quidem

261 1929 464 1976 militum
488 1930 704 1995 praesidia
729 1932 935 1996 recipere
957 1931 1266 1988 detrectabat,
1293 1940 1338 1977 et
1358 1946 1408 1976 se
1427 1929 1507 1976 illo
1528 1946 1675 1977 onere

261 2005 525 2054 conabatur
546 2008 793 2055 absolvere
818 2019 960 2072 atque
983 2025 1205 2056 excusare
1223 2044 1235 2065 ‚
1262 2007 1674 2071 quemadmodum

261 2093 457 2147 perante
481 2084 818 2132 Ambianenses
841 2086 1075 2144 feceran13
1100 2085 1183 2132 sed
1207 2085 1340 2150 quod
1365 2102 1534 2132 eorum
1556 2084 1676 2132 fides

263 2160 374 2207 satis
398 2169 499 2207 tuta
526 2178 624 2208 non
654 2171 774 2221 erat,
810 2162 995 2227 plebeia
1030 2163 1336 2209 multitudine
1368 2163 1582 2208 animum
1614 2161 1676 2208 ad

264 2250 421 2299 regem
444 2237 702 2301 plurimum
725 2255 773 2284 se
796 2238 972 2285 habere
996 2239 1230 2302 judicata,
1257 2237 1473 2284 adhibita
1500 2254 1676 2284 conve-

266 2308 412 2366 nienti
448 2314 656 2373 cautela,
687 2315 891 2362 militum
913 2317 1061 2380 copiae
1093 2333 1182 2381 pro
1212 2316 1335 2362 duce
1367 2316 1668 2380 Burgundio-

267 2393 383 2446 num
414 2392 694 2438 intromissae
721 2402 854 2451 sunt,
882 2393 1044 2456 ibique
1074 2409 1160 2457 pro
1190 2393 1406 2457 praesidio
1437 2403 1484 2439 et
1513 2401 1674 2439 custo-

268 2465 344 2512 dia
369 2468 631 2527 collocatae,
658 2485 766 2515 arce
786 2468 922 2516 firma
943 2480 989 2516 et
1012 2469 1166 2515 valida
1188 2469 1282 2515 illic
1306 2479 1555 2527 exstructa,
1582 2485 1677 2532 qua

269 2543 328 2589 de
359 2545 537 2608 oppido
567 2547 774 2592 securior
807 2546 1098 2592 redderetur.
1131 2547 1235 2592 Fuit
1266 2563 1460 2610 quoque
1485 2546 1550 2592 ibi
1576 2547 1676 2610 ipse

270 2621 660 2683 Burgundionum
690 2622 785 2668 dux
813 2640 896 2687 per
929 2623 1111 2687 aliquot
1139 2628 1367 2682 menses¹,
1399 2625 1676 2688 permittens

270 2696 461 2754 hiemis,
484 2706 596 2743 tunc
614 2699 850 2758 instantis,
876 2700 1080 2763 rigorem
1103 2700 1358 2763 praeterire.

326 2830 362 2865 1.
392 2826 455 2865 Ibi
471 2839 521 2865 ne
544 2824 624 2865 doit
648 2841 717 2879 pas
739 2829 954 2867 s’entendre
980 2829 1220 2868 d'Abbeville
1245 2832 1394 2876 meme,
1421 2829 1516 2866 mais
1542 2827 1590 2865 de
1616 2840 1676 2866 ses
