2054 3470
368 380 445 414 412
731 379 1071 416 HISTORIARUM
1098 380 1333 416 LUDOVICI
1361 381 1418 416 XI

365 467 448 530 qui
470 465 564 513 illic
586 476 742 526 erant,
772 483 883 513 cum
911 466 1005 514 hoc
1028 467 1161 532 quod
1191 477 1409 514 strenuos
1435 477 1482 514 et
1509 467 1651 515 fortes
1677 484 1778 516 sese

365 544 681 606 exhibebant,
709 545 852 592 etiam
878 545 1081 592 multum
1105 545 1268 592 fideles
1291 545 1491 591 domino
1517 561 1608 600 suo
1635 547 1779 593 exsti-

362 631 539 669 terunt.
564 626 683 669 Nam
702 622 829 683 licet,
852 622 921 668 uti
940 622 1064 669 fama
1081 621 1335 683 ferebatur,
1359 621 1459 668 dux
1478 623 1775 686 Burgundio-

363 716 480 746 num
515 716 639 764 saepe
679 700 937 765 pertentari
979 699 1163 747 fecisset
1205 688 1446 764 quatenus⁴
1481 698 1775 748 deditionem

363 776 529 841 oppidi
546 776 636 823 sibi
657 776 808 823 facere
827 776 1019 838 vellent,
1048 786 1094 823 et
1111 793 1242 823 nunc
1264 793 1519 823 munerum
1541 776 1775 842 pollicita—

361 853 570 901 tionibus
591 854 783 914 illicere,
806 869 936 899 nunc
955 854 1097 900 nimis
1116 853 1352 900 deterrere
1373 854 1534 902 fuisset
1553 865 1771 916 conatus,

359 941 631 978 constantes
664 941 825 978 tamen
860 940 906 977 et
941 931 1128 977 immoti
1160 947 1347 996 semper
1378 931 1426 977 in
1459 930 1555 979 fide
1587 931 1775 980 domini

359 1010 431 1056 sui
453 1010 782 1074 perstiterunt,
812 1009 948 1074 quasi
972 1018 1155 1055 certum
1177 1018 1225 1055 et
1245 1007 1567 1056 indubitatum
1589 1009 1772 1057 haben-

360 1095 445 1147 tes,
465 1087 744 1151 priusquam
757 1085 819 1133 ad
835 1095 1094 1133 extremam
1108 1085 1444 1133 alimentorum
1458 1085 1772 1134 defectionem

357 1163 726 1225 adducerentur,
755 1181 804 1210 se
827 1181 1078 1211 succursus
1098 1175 1240 1228 atque
1263 1161 1588 1211 subventionis
1609 1165 1774 1214 solatia

356 1259 381 1289 a
403 1242 603 1290 domino
627 1260 715 1290 suo
733 1242 1007 1304 habituros,
1035 1244 1118 1307 qui
1137 1243 1202 1289 ita
1224 1259 1273 1289 se
1293 1242 1546 1304 facturum,
1569 1259 1659 1290 nec
1681 1261 1771 1308 pro

356 1322 698 1386 cujuscumque
714 1322 913 1386 periculi
935 1314 1316 1369 consideratione
1329 1322 1768 1386 praetermissurum,

356 1402 532 1461 magno
556 1399 737 1446 eisdem
757 1399 1040 1464 promiserat
1061 1409 1378 1446 sacramento.
1402 1399 1461 1445 Se
1479 1392 1638 1464 itaque
1657 1409 1773 1447 stre-

354 1492 450 1522 nue
477 1492 533 1523 ac
564 1477 758 1524 viriliter
785 1477 1115 1536 defendentes,
1144 1476 1323 1542 praefati
1351 1473 1536 1523 domini
1558 1477 1631 1524 sui
1655 1493 1773 1542 pro-

355 1553 659 1600 missionibus
676 1555 888 1611 animafi,
908 1553 1173 1601 obsidionis
1193 1554 1415 1600 duritiem
1431 1563 1574 1618 atque
1590 1554 1772 1602 incom-

354 1630 501 1677 moda
522 1631 706 1678 sortiter
728 1642 774 1678 et
799 1631 1132 1695 longanimiter
1157 1626 1441 1677 tolerabant.

419 1710 597 1755 Verum
615 1709 701 1755 etsi
718 1708 838 1755 dura
855 1718 996 1772 atque
1013 1724 1179 1773 aspera
1196 1707 1547 1772 quamplurima
1562 1708 1771 1773 perferre

352 1803 434 1834 eos
457 1795 716 1850 oporteret,
739 1787 803 1833 ita
825 1786 1076 1833 obsidione
1099 1795 1146 1832 et
1169 1785 1331 1832 castris
1352 1784 1606 1832 hostilibus
1627 1786 1771 1835 valta-

353 1874 450 1925 tos,
477 1881 577 1911 non
601 1866 789 1912 minora
819 1875 975 1912 tamen
1006 1881 1096 1911 nec
1125 1865 1283 1910 minus
1310 1879 1478 1928 aspera
1507 1863 1650 1910 etiam
1679 1865 1766 1929 ipsi

351 1941 622 1989 obsessores
652 1943 834 2007 perpeti
866 1943 1186 1989 necessarium
1213 1940 1471 1987 habebant.
1505 1940 1610 1986 Fuit
1637 1941 1766 1988 enim

350 2028 480 2080 tunc,
501 2036 642 2084 supra
660 2020 869 2080 solitum,
893 2020 1064 2082 algoris
1084 2017 1427 2064 intensissimus
1452 2016 1602 2080 rigor,
1623 2034 1766 2081 quem

298 2135 302 2141 .
350 2106 464 2143 tunc
485 2098 639 2160 longis
660 2096 876 2144 hibernis
899 2088 1120 2143 noctibus
1143 2095 1232 2142 sub
1254 2095 1334 2142 dio
1364 2094 1637 2142 obsessores
1661 2112 1763 2143 ma·-

342 2175 449 2238 jore
465 2191 521 2221 ex
534 2184 668 2239 parte
685 2174 893 2239 perferre
910 2173 1153 2220 habebant
1173 2191 1183 2218 :
1208 2173 1375 2238 procul
1398 2172 1566 2234 dubio,
1588 2186 1764 2237 magno

346 2252 561 2316 ipsorum
579 2251 870 2310 discrimine,
895 2268 1007 2298 nam
1027 2268 1083 2297 ex
1100 2251 1167 2298 eis
1183 2250 1342 2316 plures
1360 2260 1458 2297 tam
1473 2250 1765 2299 immanibus

346 2329 608 2393 rigentibus
639 2328 879 2393 algoribus
910 2328 1179 2393 absumpti,
1211 2329 1370 2392 plures
1402 2329 1558 2374 varios
1593 2328 1763 2375 exinde

346 2406 682 2455 contrahentes
703 2406 925 2466 morbos,
951 2406 1187 2453 diuturnis
1209 2403 1539 2462 detentivfuer'e
1560 2404 1762 2470 languo-

345 2485 494 2546 ribus,
517 2484 771 2550 praesertim
791 2484 916 2530 circa
935 2483 1090 2544 tibias,
1116 2483 1236 2529 talos
1255 2492 1397 2545 atque
1418 2481 1599 2546 pedum
1621 2483 1760 2530 vesti·

344 2564 439 2628 gia,
469 2580 589 2628 quos
613 2572 848 2610 tumentes
872 2561 945 2609 vel
967 2571 1240 2609 contractos
1264 2577 1373 2607 cum
1396 2560 1578 2622 magnis
1603 2558 1760 2608 trahe-

343 2640 460 2688 bant
488 2640 753 2688 doloribus.
790 2638 1054 2686 Accedebat
1085 2648 1131 2684 et
1159 2637 1271 2683 huic
1303 2636 1433 2683 aliud
1467 2653 1566 2683 non
1600 2637 1758 2690 minus

344 2719 534 2771 difficile
558 2720 621 2766 ad
645 2718 961 2766 tolerandum.
992 2720 1112 2764 Nam
1148 2717 1198 2762 in
1234 2715 1395 2763 castris
1418 2714 1508 2762 illis
1533 2732 1655 2780 saepe
1682 2717 1755 2763 vel

343 2814 536 2844 annona
552 2795 818 2853 deficiebat,
838 2795 914 2842 vel
937 2805 1035 2841 tam
1056 2810 1167 2840 caro
1193 2809 1296 2839 eam
1319 2809 1598 2857 comparare
1617 2809 1757 2857 opor-

346 2874 496 2932 tebat,
537 2884 587 2920 ut
621 2873 825 2921 militum
857 2870 1091 2936 stipendia
1124 2870 1201 2916 vix
1239 2868 1299 2915 ad
1331 2868 1583 2915 dimidium
1616 2869 1754 2933 pretii
