<?xml version="1.0" encoding="UTF-8"?>
<!DOCTYPE html PUBLIC "-//W3C//DTD XHTML 1.0 Transitional//EN"
    "http://www.w3.org/TR/xhtml1/DTD/xhtml1-transitional.dtd">
<html xmlns="http://www.w3.org/1999/xhtml" xml:lang="en" lang="en">
 <head>
  <title>
</title>
<meta http-equiv="Content-Type" content="text/html;charset=utf-8" />
  <meta name='ocr-system' content='tesseract 3.04.00' />
  <meta name='ocr-capabilities' content='ocr_page ocr_carea ocr_par ocr_line ocrx_word'/>
</head>
<body>
  <div class='ocr_page' id='page_1' title='image "./histoiredesrgn02basiuoft_0431.png"; bbox 0 0 2054 3470; ppageno 0'>
   <div class='ocr_carea' id='block_1_1' title="bbox 763 333 1675 382">
    <p class='ocr_par' dir='ltr' id='par_1_1' title="bbox 763 333 1675 382">
     <span class='ocr_line' id='line_1_1' title="bbox 763 333 1675 382; baseline -0.002 -11"><span class='ocrx_word' id='word_1_1' title='bbox 763 335 906 372; x_wconf 74' lang='lat' dir='ltr'><strong>unm</strong></span> <span class='ocrx_word' id='word_1_2' title='bbox 940 334 1183 382; x_wconf 75' lang='lat' dir='ltr'><strong>QnAn‘ms.</strong></span> <span class='ocrx_word' id='word_1_3' title='bbox 1601 333 1675 369; x_wconf 70' lang='lat'><strong>347</strong></span> 
     </span>
    </p>
   </div>
   <div class='ocr_carea' id='block_1_2' title="bbox 273 419 1693 2646">
    <p class='ocr_par' dir='ltr' id='par_1_2' title="bbox 273 419 1680 874">
     <span class='ocr_line' id='line_1_2' title="bbox 338 419 1677 484; baseline -0.003 -13"><span class='ocrx_word' id='word_1_4' title='bbox 338 425 643 471; x_wconf 75' lang='lat' dir='ltr'><strong>incursarunt</strong></span> <span class='ocrx_word' id='word_1_5' title='bbox 676 430 723 468; x_wconf 90' lang='lat' dir='ltr'><strong>et</strong></span> <span class='ocrx_word' id='word_1_6' title='bbox 743 420 891 467; x_wconf 83' lang='lat' dir='ltr'><strong>altera</strong></span> <span class='ocrx_word' id='word_1_7' title='bbox 919 421 1022 467; x_wconf 88' lang='lat' dir='ltr'><strong>vice</strong></span> <span class='ocrx_word' id='word_1_8' title='bbox 1049 420 1193 467; x_wconf 92' lang='lat' dir='ltr'><strong>iidem</strong></span> <span class='ocrx_word' id='word_1_9' title='bbox 1228 421 1393 467; x_wconf 86' lang='lat' dir='ltr'><strong>Franci</strong></span> <span class='ocrx_word' id='word_1_10' title='bbox 1428 436 1579 484; x_wconf 90' lang='lat' dir='ltr'><strong>usque</strong></span> <span class='ocrx_word' id='word_1_11' title='bbox 1616 419 1677 467; x_wconf 90' lang='lat' dir='ltr'><strong>ad</strong></span> 
     </span>
     <span class='ocr_line' id='line_1_3' title="bbox 273 498 1678 566; baseline -0.004 -17"><span class='ocrx_word' id='word_1_12' title='bbox 273 511 434 566; x_wconf 82' lang='lat' dir='ltr'><strong>portas</strong></span> <span class='ocrx_word' id='word_1_13' title='bbox 457 499 623 566; x_wconf 88' lang='lat' dir='ltr'>oppidi</span> <span class='ocrx_word' id='word_1_14' title='bbox 648 498 1048 546; x_wconf 68' lang='lat' dir='ltr'><strong>Vahncenensis&#39;.</strong></span> <span class='ocrx_word' id='word_1_15' title='bbox 1073 498 1166 545; x_wconf 91' lang='lat' dir='ltr'><strong>Sed</strong></span> <span class='ocrx_word' id='word_1_16' title='bbox 1190 499 1316 545; x_wconf 85' lang='lat' dir='ltr'><strong>cives</strong></span> <span class='ocrx_word' id='word_1_17' title='bbox 1343 498 1460 553; x_wconf 91' lang='lat' dir='ltr'><strong>loci,</strong></span> <span class='ocrx_word' id='word_1_18' title='bbox 1486 498 1678 551; x_wconf 87' lang='lat' dir='ltr'><strong>calami-</strong></span> 
     </span>
     <span class='ocr_line' id='line_1_4' title="bbox 273 575 1675 643; baseline -0.004 -16"><span class='ocrx_word' id='word_1_19' title='bbox 273 588 385 640; x_wconf 83' lang='lat' dir='ltr'><strong>tate,</strong></span> <span class='ocrx_word' id='word_1_20' title='bbox 426 595 531 643; x_wconf 84' lang='lat' dir='ltr'><strong>quae</strong></span> <span class='ocrx_word' id='word_1_21' title='bbox 564 576 890 625; x_wconf 81' lang='lat' dir='ltr'><strong>Atrebatenses</strong></span> <span class='ocrx_word' id='word_1_22' title='bbox 922 576 1198 635; x_wconf 84' lang='lat' dir='ltr'><strong>invenerat,</strong></span> <span class='ocrx_word' id='word_1_23' title='bbox 1234 575 1470 622; x_wconf 79' lang='lat' dir='ltr'><strong>cautiores</strong></span> <span class='ocrx_word' id='word_1_24' title='bbox 1503 575 1675 635; x_wconf 78' lang='lat' dir='ltr'><strong>effecti,</strong></span> 
     </span>
     <span class='ocr_line' id='line_1_5' title="bbox 273 651 1680 717; baseline -0.004 -13"><span class='ocrx_word' id='word_1_25' title='bbox 273 655 448 703; x_wconf 80' lang='lat' dir='ltr'><strong>moenia</strong></span> <span class='ocrx_word' id='word_1_26' title='bbox 476 671 562 702; x_wconf 90' lang='lat' dir='ltr'><strong>sua</strong></span> <span class='ocrx_word' id='word_1_27' title='bbox 591 662 639 700; x_wconf 85' lang='lat' dir='ltr'><strong>et</strong></span> <span class='ocrx_word' id='word_1_28' title='bbox 666 662 828 717; x_wconf 84' lang='lat' dir='ltr'><strong>portas</strong></span> <span class='ocrx_word' id='word_1_29' title='bbox 860 653 1031 711; x_wconf 85' lang='lat' dir='ltr'><strong>tutari,</strong></span> <span class='ocrx_word' id='word_1_30' title='bbox 1066 651 1245 716; x_wconf 81' lang='lat' dir='ltr'>absque</span> <span class='ocrx_word' id='word_1_31' title='bbox 1277 651 1372 698; x_wconf 91' lang='lat' dir='ltr'><strong>hoc</strong></span> <span class='ocrx_word' id='word_1_32' title='bbox 1403 651 1536 716; x_wconf 91' lang='lat' dir='ltr'><strong>quod</strong></span> <span class='ocrx_word' id='word_1_33' title='bbox 1566 651 1680 699; x_wconf 86' lang='lat' dir='ltr'><strong>soris</strong></span> 
     </span>
     <span class='ocr_line' id='line_1_6' title="bbox 274 727 1679 794; baseline -0.004 -13"><span class='ocrx_word' id='word_1_34' title='bbox 274 731 492 781; x_wconf 81' lang='lat' dir='ltr'><strong>exeundo</strong></span> <span class='ocrx_word' id='word_1_35' title='bbox 523 730 702 794; x_wconf 88' lang='lat' dir='ltr'><strong>majore</strong></span> <span class='ocrx_word' id='word_1_36' title='bbox 731 747 783 778; x_wconf 91' lang='lat' dir='ltr'><strong>se</strong></span> <span class='ocrx_word' id='word_1_37' title='bbox 805 729 1021 794; x_wconf 89' lang='lat' dir='ltr'><strong>periculo</strong></span> <span class='ocrx_word' id='word_1_38' title='bbox 1054 730 1412 792; x_wconf 81' lang='lat' dir='ltr'><strong>immergerent,</strong></span> <span class='ocrx_word' id='word_1_39' title='bbox 1444 728 1555 775; x_wconf 86' lang='lat' dir='ltr'><strong>satis</strong></span> <span class='ocrx_word' id='word_1_40' title='bbox 1588 727 1679 775; x_wconf 88' lang='lat' dir='ltr'><strong>sibi</strong></span> 
     </span>
     <span class='ocr_line' id='line_1_7' title="bbox 274 816 640 874; baseline -0.019 -14"><span class='ocrx_word' id='word_1_41' title='bbox 274 826 374 859; x_wconf 80' lang='lat' dir='ltr'><strong>esse</strong></span> <span class='ocrx_word' id='word_1_42' title='bbox 394 816 640 874; x_wconf 88' lang='lat' dir='ltr'><strong>putarunt.</strong></span> 
     </span>
    </p>

    <p class='ocr_par' dir='ltr' id='par_1_3' title="bbox 273 883 1693 2646">
     <span class='ocr_line' id='line_1_8' title="bbox 337 883 1682 949; baseline -0.002 -17"><span class='ocrx_word' id='word_1_43' title='bbox 337 889 507 948; x_wconf 84' lang='lat' dir='ltr'><strong>Ingens</strong></span> <span class='ocrx_word' id='word_1_44' title='bbox 537 885 696 949; x_wconf 90' lang='lat' dir='ltr'><strong>itaque</strong></span> <span class='ocrx_word' id='word_1_45' title='bbox 721 894 873 932; x_wconf 88' lang='lat' dir='ltr'><strong>metus</strong></span> <span class='ocrx_word' id='word_1_46' title='bbox 907 893 1050 947; x_wconf 84' lang='lat' dir='ltr'><strong>atque</strong></span> <span class='ocrx_word' id='word_1_47' title='bbox 1080 900 1231 948; x_wconf 83' lang='lat' dir='ltr'><strong>pavor</strong></span> <span class='ocrx_word' id='word_1_48' title='bbox 1257 883 1437 948; x_wconf 90' lang='lat' dir='ltr'><strong>oppida</strong></span> <span class='ocrx_word' id='word_1_49' title='bbox 1464 892 1511 930; x_wconf 90' lang='lat' dir='ltr'><strong>et</strong></span> <span class='ocrx_word' id='word_1_50' title='bbox 1532 892 1682 930; x_wconf 79' lang='lat' dir='ltr'><strong>terras</strong></span> 
     </span>
     <span class='ocr_line' id='line_1_9' title="bbox 273 959 1683 1026; baseline -0.004 -14"><span class='ocrx_word' id='word_1_51' title='bbox 273 962 407 1012; x_wconf 83' lang='lat' dir='ltr'><strong>ducis</strong></span> <span class='ocrx_word' id='word_1_52' title='bbox 425 961 708 1025; x_wconf 88' lang='lat' dir='ltr'><strong>Burgundiae</strong></span> <span class='ocrx_word' id='word_1_53' title='bbox 724 961 938 1026; x_wconf 90' lang='lat' dir='ltr'><strong>undique</strong></span> <span class='ocrx_word' id='word_1_54' title='bbox 956 961 1193 1008; x_wconf 85' lang='lat' dir='ltr'><strong>invaserat</strong></span> <span class='ocrx_word' id='word_1_55' title='bbox 1221 970 1268 1008; x_wconf 88' lang='lat' dir='ltr'><strong>et</strong></span> <span class='ocrx_word' id='word_1_56' title='bbox 1294 959 1522 1007; x_wconf 82' lang='lat' dir='ltr'><strong>sollicitos</strong></span> <span class='ocrx_word' id='word_1_57' title='bbox 1540 969 1683 1023; x_wconf 87' lang='lat' dir='ltr'><strong>atque</strong></span> 
     </span>
     <span class='ocr_line' id='line_1_10' title="bbox 273 1037 1685 1098; baseline -0.003 -10"><span class='ocrx_word' id='word_1_58' title='bbox 273 1040 439 1090; x_wconf 85' lang='lat' dir='ltr'><strong>anxios</strong></span> <span class='ocrx_word' id='word_1_59' title='bbox 472 1040 687 1087; x_wconf 90' lang='lat' dir='ltr'><strong>omnium</strong></span> <span class='ocrx_word' id='word_1_60' title='bbox 724 1040 912 1086; x_wconf 89' lang='lat' dir='ltr'><strong>animos</strong></span> <span class='ocrx_word' id='word_1_61' title='bbox 944 1038 1219 1098; x_wconf 86' lang='lat' dir='ltr'><strong>detinebat,</strong></span> <span class='ocrx_word' id='word_1_62' title='bbox 1254 1054 1365 1085; x_wconf 91' lang='lat' dir='ltr'><strong>cum</strong></span> <span class='ocrx_word' id='word_1_63' title='bbox 1393 1054 1442 1084; x_wconf 92' lang='lat' dir='ltr'><strong>se</strong></span> <span class='ocrx_word' id='word_1_64' title='bbox 1466 1037 1685 1085; x_wconf 84' lang='lat' dir='ltr'><strong>viderent</strong></span> 
     </span>
     <span class='ocr_line' id='line_1_11' title="bbox 275 1113 1685 1180; baseline -0.003 -16"><span class='ocrx_word' id='word_1_65' title='bbox 275 1115 518 1180; x_wconf 90' lang='lat' dir='ltr'><strong>undique,</strong></span> <span class='ocrx_word' id='word_1_66' title='bbox 560 1126 607 1163; x_wconf 88' lang='lat' dir='ltr'><strong>et</strong></span> <span class='ocrx_word' id='word_1_67' title='bbox 645 1131 836 1180; x_wconf 87' lang='lat' dir='ltr'><strong>quaqua</strong></span> <span class='ocrx_word' id='word_1_68' title='bbox 867 1132 1056 1162; x_wconf 83' lang='lat' dir='ltr'><strong>versum</strong></span> <span class='ocrx_word' id='word_1_69' title='bbox 1090 1115 1323 1162; x_wconf 83' lang='lat' dir='ltr'><strong>divertere</strong></span> <span class='ocrx_word' id='word_1_70' title='bbox 1358 1123 1586 1180; x_wconf 83' lang='lat' dir='ltr'><strong>possent,</strong></span> <span class='ocrx_word' id='word_1_71' title='bbox 1623 1113 1685 1161; x_wconf 87' lang='lat' dir='ltr'><strong>ab</strong></span> 
     </span>
     <span class='ocr_line' id='line_1_12' title="bbox 274 1191 1686 1258; baseline -0.001 -18"><span class='ocrx_word' id='word_1_72' title='bbox 274 1193 492 1242; x_wconf 84' lang='lat' dir='ltr'><strong>hostibus</strong></span> <span class='ocrx_word' id='word_1_73' title='bbox 525 1209 768 1256; x_wconf 82' lang='lat' dir='ltr'><strong>aggressos</strong></span> <span class='ocrx_word' id='word_1_74' title='bbox 797 1208 908 1239; x_wconf 89' lang='lat' dir='ltr'><strong>cum</strong></span> <span class='ocrx_word' id='word_1_75' title='bbox 936 1191 1104 1239; x_wconf 75' lang='lat' dir='ltr'><strong>validis</strong></span> <span class='ocrx_word' id='word_1_76' title='bbox 1134 1202 1180 1239; x_wconf 91' lang='lat' dir='ltr'><strong>et</strong></span> <span class='ocrx_word' id='word_1_77' title='bbox 1211 1191 1485 1258; x_wconf 77' lang='lat' dir='ltr'><strong>potentibus</strong></span> <span class='ocrx_word' id='word_1_78' title='bbox 1509 1191 1686 1239; x_wconf 86' lang='lat' dir='ltr'><strong>exerci-</strong></span> 
     </span>
     <span class='ocr_line' id='line_1_13' title="bbox 275 1269 1687 1334; baseline 0 -18"><span class='ocrx_word' id='word_1_79' title='bbox 275 1270 456 1330; x_wconf 81' lang='lat' dir='ltr'><strong>tibus²,</strong></span> <span class='ocrx_word' id='word_1_80' title='bbox 488 1287 628 1318; x_wconf 86' lang='lat' dir='ltr'><strong>suum</strong></span> <span class='ocrx_word' id='word_1_81' title='bbox 662 1280 821 1318; x_wconf 87' lang='lat' dir='ltr'><strong>autem</strong></span> <span class='ocrx_word' id='word_1_82' title='bbox 853 1270 1117 1334; x_wconf 84' lang='lat' dir='ltr'><strong>principem</strong></span> <span class='ocrx_word' id='word_1_83' title='bbox 1154 1271 1202 1316; x_wconf 93' lang='lat' dir='ltr'><strong>in</strong></span> <span class='ocrx_word' id='word_1_84' title='bbox 1238 1270 1403 1317; x_wconf 85' lang='lat' dir='ltr'><strong>castris</strong></span> <span class='ocrx_word' id='word_1_85' title='bbox 1441 1269 1537 1316; x_wconf 92' lang='lat' dir='ltr'><strong>suis</strong></span> <span class='ocrx_word' id='word_1_86' title='bbox 1577 1278 1687 1316; x_wconf 87' lang='lat' dir='ltr'><strong>ante</strong></span> 
     </span>
     <span class='ocr_line' id='line_1_14' title="bbox 277 1346 1689 1411; baseline -0.001 -17"><span class='ocrx_word' id='word_1_87' title='bbox 277 1348 503 1394; x_wconf 54' lang='lat' dir='ltr'><strong>Nussiam*</strong></span> <span class='ocrx_word' id='word_1_88' title='bbox 530 1348 593 1395; x_wconf 87' lang='lat' dir='ltr'><strong>ita</strong></span> <span class='ocrx_word' id='word_1_89' title='bbox 629 1347 831 1395; x_wconf 86' lang='lat' dir='ltr'><strong>detineri</strong></span> <span class='ocrx_word' id='word_1_90' title='bbox 874 1357 1162 1411; x_wconf 83' lang='lat' dir='ltr'><strong>occupatum</strong></span> <span class='ocrx_word' id='word_1_91' title='bbox 1188 1357 1235 1394; x_wconf 87' lang='lat' dir='ltr'><strong>et</strong></span> <span class='ocrx_word' id='word_1_92' title='bbox 1268 1346 1329 1393; x_wconf 91' lang='lat' dir='ltr'><strong>ab</strong></span> <span class='ocrx_word' id='word_1_93' title='bbox 1365 1346 1689 1394; x_wconf 83' lang='lat' dir='ltr'><strong>innumerabi-</strong></span> 
     </span>
     <span class='ocr_line' id='line_1_15' title="bbox 275 1423 1688 1488; baseline -0.001 -17"><span class='ocrx_word' id='word_1_94' title='bbox 275 1424 400 1472; x_wconf 88' lang='lat' dir='ltr'><strong>libus</strong></span> <span class='ocrx_word' id='word_1_95' title='bbox 422 1424 591 1484; x_wconf 85' lang='lat' dir='ltr'><strong>ferme,</strong></span> <span class='ocrx_word' id='word_1_96' title='bbox 616 1435 669 1472; x_wconf 90' lang='lat' dir='ltr'><strong>ut</strong></span> <span class='ocrx_word' id='word_1_97' title='bbox 690 1426 832 1488; x_wconf 86' lang='lat' dir='ltr'><strong>vulgo</strong></span> <span class='ocrx_word' id='word_1_98' title='bbox 850 1423 1133 1487; x_wconf 85' lang='lat' dir='ltr'><strong>jactabatur,</strong></span> <span class='ocrx_word' id='word_1_99' title='bbox 1162 1426 1512 1471; x_wconf 87' lang='lat' dir='ltr'><strong>Germanorum</strong></span> <span class='ocrx_word' id='word_1_100' title='bbox 1536 1424 1688 1488; x_wconf 89' lang='lat' dir='ltr'><strong>copiis</strong></span> 
     </span>
     <span class='ocr_line' id='line_1_16' title="bbox 277 1501 1689 1567; baseline -0.001 -17"><span class='ocrx_word' id='word_1_101' title='bbox 277 1501 407 1550; x_wconf 84' lang='lat' dir='ltr'><strong>velut</strong></span> <span class='ocrx_word' id='word_1_102' title='bbox 427 1502 701 1559; x_wconf 88' lang='lat' dir='ltr'><strong>obsessum,</strong></span> <span class='ocrx_word' id='word_1_103' title='bbox 738 1513 790 1548; x_wconf 87' lang='lat' dir='ltr'><strong>ut</strong></span> <span class='ocrx_word' id='word_1_104' title='bbox 820 1518 910 1549; x_wconf 89' lang='lat' dir='ltr'><strong>nec</strong></span> <span class='ocrx_word' id='word_1_105' title='bbox 942 1501 1057 1562; x_wconf 90' lang='lat' dir='ltr'><strong>sibi,</strong></span> <span class='ocrx_word' id='word_1_106' title='bbox 1092 1519 1184 1549; x_wconf 88' lang='lat' dir='ltr'><strong>nec</strong></span> <span class='ocrx_word' id='word_1_107' title='bbox 1214 1504 1309 1549; x_wconf 90' lang='lat' dir='ltr'><strong>suis</strong></span> <span class='ocrx_word' id='word_1_108' title='bbox 1330 1503 1441 1550; x_wconf 82' lang='lat' dir='ltr'><strong>satis</strong></span> <span class='ocrx_word' id='word_1_109' title='bbox 1463 1503 1689 1567; x_wconf 89' lang='lat' dir='ltr'><strong>opitulari</strong></span> 
     </span>
     <span class='ocr_line' id='line_1_17' title="bbox 278 1579 1685 1645; baseline -0.001 -17"><span class='ocrx_word' id='word_1_110' title='bbox 278 1590 453 1645; x_wconf 85' lang='lat' dir='ltr'><strong>posset.</strong></span> <span class='ocrx_word' id='word_1_111' title='bbox 478 1580 710 1628; x_wconf 89' lang='lat' dir='ltr'><strong>Viderunt</strong></span> <span class='ocrx_word' id='word_1_112' title='bbox 729 1590 952 1645; x_wconf 84' lang='lat' dir='ltr'><strong>proeterea</strong></span> <span class='ocrx_word' id='word_1_113' title='bbox 975 1580 1203 1645; x_wconf 84' lang='lat' dir='ltr'><strong>oppidula</strong></span> <span class='ocrx_word' id='word_1_114' title='bbox 1227 1579 1655 1627; x_wconf 82' lang='lat' dir='ltr'><strong>Montis-Desiderii</strong></span> <span class='ocrx_word' id='word_1_115' title='bbox 1672 1618 1685 1638; x_wconf 89' lang='lat'>‚</span> 
     </span>
     <span class='ocr_line' id='line_1_18' title="bbox 279 1656 1690 1723; baseline 0.001 -19"><span class='ocrx_word' id='word_1_116' title='bbox 279 1656 521 1722; x_wconf 83' lang='lat' dir='ltr'><strong>Corbeyae,</strong></span> <span class='ocrx_word' id='word_1_117' title='bbox 542 1657 947 1718; x_wconf 83' lang='lat' dir='ltr'><strong>Sancti-Richarii,</strong></span> <span class='ocrx_word' id='word_1_118' title='bbox 969 1660 1109 1721; x_wconf 88' lang='lat' dir='ltr'><strong>Royae</strong></span> <span class='ocrx_word' id='word_1_119' title='bbox 1127 1668 1173 1704; x_wconf 90' lang='lat' dir='ltr'><strong>et</strong></span> <span class='ocrx_word' id='word_1_120' title='bbox 1201 1658 1460 1704; x_wconf 78' lang='lat' dir='ltr'><strong>Dourlens³</strong></span> <span class='ocrx_word' id='word_1_121' title='bbox 1487 1658 1533 1704; x_wconf 89' lang='lat' dir='ltr'><strong>vi</strong></span> <span class='ocrx_word' id='word_1_122' title='bbox 1552 1667 1690 1723; x_wconf 88' lang='lat' dir='ltr'><strong>capta</strong></span> 
     </span>
     <span class='ocr_line' id='line_1_19' title="bbox 280 1734 1690 1800; baseline -0.001 -18"><span class='ocrx_word' id='word_1_123' title='bbox 280 1744 327 1782; x_wconf 87' lang='lat' dir='ltr'><strong>et</strong></span> <span class='ocrx_word' id='word_1_124' title='bbox 363 1734 586 1782; x_wconf 89' lang='lat' dir='ltr'><strong>incendio</strong></span> <span class='ocrx_word' id='word_1_125' title='bbox 623 1751 679 1782; x_wconf 87' lang='lat' dir='ltr'><strong>ex</strong></span> <span class='ocrx_word' id='word_1_126' title='bbox 704 1744 838 1800; x_wconf 86' lang='lat' dir='ltr'><strong>parte</strong></span> <span class='ocrx_word' id='word_1_127' title='bbox 861 1745 1094 1794; x_wconf 81' lang='lat' dir='ltr'><strong>cremata,</strong></span> <span class='ocrx_word' id='word_1_128' title='bbox 1130 1736 1258 1782; x_wconf 85' lang='lat' dir='ltr'><strong>caesis</strong></span> <span class='ocrx_word' id='word_1_129' title='bbox 1296 1736 1439 1782; x_wconf 87' lang='lat' dir='ltr'><strong>etiam</strong></span> <span class='ocrx_word' id='word_1_130' title='bbox 1468 1752 1526 1782; x_wconf 84' lang='lat' dir='ltr'><strong>ex</strong></span> <span class='ocrx_word' id='word_1_131' title='bbox 1556 1743 1690 1800; x_wconf 87' lang='lat' dir='ltr'><strong>parte</strong></span> 
     </span>
     <span class='ocr_line' id='line_1_20' title="bbox 280 1811 1690 1877; baseline -0.001 -18"><span class='ocrx_word' id='word_1_132' title='bbox 280 1812 496 1877; x_wconf 87' lang='lat' dir='ltr'><strong>pluribus</strong></span> <span class='ocrx_word' id='word_1_133' title='bbox 526 1811 807 1859; x_wconf 88' lang='lat' dir='ltr'><strong>eorumdem</strong></span> <span class='ocrx_word' id='word_1_134' title='bbox 841 1813 1062 1859; x_wconf 91' lang='lat' dir='ltr'><strong>locorum</strong></span> <span class='ocrx_word' id='word_1_135' title='bbox 1093 1812 1290 1872; x_wconf 87' lang='lat' dir='ltr'><strong>accolis,</strong></span> <span class='ocrx_word' id='word_1_136' title='bbox 1328 1812 1404 1860; x_wconf 85' lang='lat' dir='ltr'><strong>vel</strong></span> <span class='ocrx_word' id='word_1_137' title='bbox 1434 1811 1496 1859; x_wconf 91' lang='lat' dir='ltr'><strong>ad</strong></span> <span class='ocrx_word' id='word_1_138' title='bbox 1531 1812 1690 1859; x_wconf 88' lang='lat' dir='ltr'><strong>minus</strong></span> 
     </span>
     <span class='ocr_line' id='line_1_21' title="bbox 280 1887 1690 1953; baseline -0.001 -17"><span class='ocrx_word' id='word_1_139' title='bbox 280 1887 504 1936; x_wconf 91' lang='lat' dir='ltr'><strong>omnibus</strong></span> <span class='ocrx_word' id='word_1_140' title='bbox 531 1887 673 1935; x_wconf 90' lang='lat' dir='ltr'><strong>bonis</strong></span> <span class='ocrx_word' id='word_1_141' title='bbox 702 1889 799 1935; x_wconf 91' lang='lat' dir='ltr'><strong>suis</strong></span> <span class='ocrx_word' id='word_1_142' title='bbox 824 1889 1052 1952; x_wconf 88' lang='lat' dir='ltr'><strong>spoliatis.</strong></span> <span class='ocrx_word' id='word_1_143' title='bbox 1088 1892 1204 1947; x_wconf 86' lang='lat' dir='ltr'><strong>Quae</strong></span> <span class='ocrx_word' id='word_1_144' title='bbox 1228 1889 1392 1953; x_wconf 85' lang='lat' dir='ltr'><strong>utique</strong></span> <span class='ocrx_word' id='word_1_145' title='bbox 1422 1888 1562 1936; x_wconf 90' lang='lat' dir='ltr'><strong>simul</strong></span> <span class='ocrx_word' id='word_1_146' title='bbox 1585 1905 1690 1953; x_wconf 90' lang='lat' dir='ltr'><strong>per-</strong></span> 
     </span>
     <span class='ocr_line' id='line_1_22' title="bbox 281 1963 1692 2030; baseline 0 -18"><span class='ocrx_word' id='word_1_147' title='bbox 281 1981 429 2030; x_wconf 87' lang='lat' dir='ltr'><strong>pensa</strong></span> <span class='ocrx_word' id='word_1_148' title='bbox 458 1981 558 2012; x_wconf 90' lang='lat' dir='ltr'><strong>non</strong></span> <span class='ocrx_word' id='word_1_149' title='bbox 582 1964 700 2012; x_wconf 80' lang='lat' dir='ltr'><strong>levis</strong></span> <span class='ocrx_word' id='word_1_150' title='bbox 728 1974 883 2011; x_wconf 88' lang='lat' dir='ltr'><strong>metus</strong></span> <span class='ocrx_word' id='word_1_151' title='bbox 905 1974 952 2012; x_wconf 86' lang='lat' dir='ltr'><strong>et</strong></span> <span class='ocrx_word' id='word_1_152' title='bbox 982 1964 1247 2012; x_wconf 85' lang='lat' dir='ltr'><strong>formidinis</strong></span> <span class='ocrx_word' id='word_1_153' title='bbox 1274 1981 1438 2012; x_wconf 85' lang='lat' dir='ltr'><strong>causas</strong></span> <span class='ocrx_word' id='word_1_154' title='bbox 1464 1963 1692 2012; x_wconf 87' lang='lat' dir='ltr'><strong>cumula-</strong></span> 
     </span>
     <span class='ocr_line' id='line_1_23' title="bbox 281 2042 1686 2109; baseline -0.002 -18"><span class='ocrx_word' id='word_1_155' title='bbox 281 2042 422 2104; x_wconf 88' lang='lat' dir='ltr'><strong>bant;</strong></span> <span class='ocrx_word' id='word_1_156' title='bbox 447 2043 533 2091; x_wconf 90' lang='lat' dir='ltr'><strong>sed</strong></span> <span class='ocrx_word' id='word_1_157' title='bbox 550 2053 734 2109; x_wconf 77' lang='lat' dir='ltr'><strong>stupor,</strong></span> <span class='ocrx_word' id='word_1_158' title='bbox 758 2060 814 2090; x_wconf 79' lang='lat' dir='ltr'><strong>ex</strong></span> <span class='ocrx_word' id='word_1_159' title='bbox 837 2053 932 2090; x_wconf 86' lang='lat' dir='ltr'><strong>tam</strong></span> <span class='ocrx_word' id='word_1_160' title='bbox 956 2044 1248 2090; x_wconf 89' lang='lat' dir='ltr'><strong>imminentis</strong></span> <span class='ocrx_word' id='word_1_161' title='bbox 1270 2044 1398 2090; x_wconf 85' lang='lat' dir='ltr'><strong>exitii</strong></span> <span class='ocrx_word' id='word_1_162' title='bbox 1422 2044 1686 2108; x_wconf 85' lang='lat' dir='ltr'><strong>praesentia,</strong></span> 
     </span>
     <span class='ocr_line' id='line_1_24' title="bbox 284 2118 1688 2184; baseline -0.001 -17"><span class='ocrx_word' id='word_1_163' title='bbox 284 2130 332 2167; x_wconf 88' lang='lat' dir='ltr'><strong>et</strong></span> <span class='ocrx_word' id='word_1_164' title='bbox 366 2137 625 2183; x_wconf 84' lang='lat' dir='ltr'><strong>exsangues</strong></span> <span class='ocrx_word' id='word_1_165' title='bbox 658 2136 791 2184; x_wconf 86' lang='lat' dir='ltr'><strong>paene</strong></span> <span class='ocrx_word' id='word_1_166' title='bbox 830 2130 877 2167; x_wconf 90' lang='lat' dir='ltr'><strong>et</strong></span> <span class='ocrx_word' id='word_1_167' title='bbox 924 2121 1152 2168; x_wconf 84' lang='lat' dir='ltr'><strong>attonitos</strong></span> <span class='ocrx_word' id='word_1_168' title='bbox 1190 2130 1388 2167; x_wconf 82' lang='lat' dir='ltr'><strong>cunctos</strong></span> <span class='ocrx_word' id='word_1_169' title='bbox 1427 2118 1688 2176; x_wconf 86' lang='lat' dir='ltr'><strong>reddebat,</strong></span> 
     </span>
     <span class='ocr_line' id='line_1_25' title="bbox 284 2194 1691 2244; baseline -0.001 -1"><span class='ocrx_word' id='word_1_170' title='bbox 284 2196 412 2244; x_wconf 88' lang='lat' dir='ltr'><strong>velut</strong></span> <span class='ocrx_word' id='word_1_171' title='bbox 433 2197 565 2243; x_wconf 90' lang='lat' dir='ltr'><strong>omni</strong></span> <span class='ocrx_word' id='word_1_172' title='bbox 591 2195 880 2243; x_wconf 89' lang='lat' dir='ltr'><strong>defensionis</strong></span> <span class='ocrx_word' id='word_1_173' title='bbox 912 2197 1087 2243; x_wconf 83' lang='lat' dir='ltr'><strong>auxilio</strong></span> <span class='ocrx_word' id='word_1_174' title='bbox 1112 2197 1378 2244; x_wconf 85' lang='lat' dir='ltr'><strong>destitutos.</strong></span> <span class='ocrx_word' id='word_1_175' title='bbox 1420 2199 1516 2243; x_wconf 90' lang='lat' dir='ltr'><strong>Nec</strong></span> <span class='ocrx_word' id='word_1_176' title='bbox 1548 2194 1691 2242; x_wconf 82' lang='lat' dir='ltr'><strong>dubi-</strong></span> 
     </span>
     <span class='ocr_line' id='line_1_26' title="bbox 285 2273 1692 2339; baseline -0.001 -18"><span class='ocrx_word' id='word_1_177' title='bbox 285 2273 484 2321; x_wconf 90' lang='lat' dir='ltr'><strong>tandum</strong></span> <span class='ocrx_word' id='word_1_178' title='bbox 509 2283 577 2323; x_wconf 88' lang='lat' dir='ltr'><strong>est</strong></span> <span class='ocrx_word' id='word_1_179' title='bbox 592 2311 604 2335; x_wconf 96' lang='lat'><strong>,</strong></span> <span class='ocrx_word' id='word_1_180' title='bbox 636 2274 674 2320; x_wconf 91' lang='lat' dir='ltr'><strong>si</strong></span> <span class='ocrx_word' id='word_1_181' title='bbox 693 2277 984 2320; x_wconf 87' lang='lat' dir='ltr'><strong>Francorum</strong></span> <span class='ocrx_word' id='word_1_182' title='bbox 998 2290 1082 2321; x_wconf 87' lang='lat' dir='ltr'><strong>rex</strong></span> <span class='ocrx_word' id='word_1_183' title='bbox 1104 2290 1215 2321; x_wconf 89' lang='lat' dir='ltr'><strong>cum</strong></span> <span class='ocrx_word' id='word_1_184' title='bbox 1243 2275 1338 2321; x_wconf 87' lang='lat' dir='ltr'><strong>suis</strong></span> <span class='ocrx_word' id='word_1_185' title='bbox 1366 2274 1516 2339; x_wconf 90' lang='lat' dir='ltr'><strong>copiis</strong></span> <span class='ocrx_word' id='word_1_186' title='bbox 1537 2282 1692 2337; x_wconf 84' lang='lat' dir='ltr'><strong>coepta</strong></span> 
     </span>
     <span class='ocr_line' id='line_1_27' title="bbox 286 2351 1688 2416; baseline 0 -20"><span class='ocrx_word' id='word_1_187' title='bbox 286 2351 444 2398; x_wconf 84' lang='lat' dir='ltr'><strong>suisset</strong></span> <span class='ocrx_word' id='word_1_188' title='bbox 473 2360 783 2416; x_wconf 82' lang='lat' dir='ltr'><strong>prosecutus,</strong></span> <span class='ocrx_word' id='word_1_189' title='bbox 822 2351 966 2413; x_wconf 93' lang='lat' dir='ltr'><strong>quin,</strong></span> <span class='ocrx_word' id='word_1_190' title='bbox 1002 2352 1075 2398; x_wconf 88' lang='lat' dir='ltr'><strong>vel</strong></span> <span class='ocrx_word' id='word_1_191' title='bbox 1110 2368 1196 2416; x_wconf 92' lang='lat' dir='ltr'><strong>per</strong></span> <span class='ocrx_word' id='word_1_192' title='bbox 1229 2361 1367 2415; x_wconf 83' lang='lat' dir='ltr'><strong>agros</strong></span> <span class='ocrx_word' id='word_1_193' title='bbox 1400 2351 1688 2408; x_wconf 85' lang='lat' dir='ltr'><strong>Hannoniae,</strong></span> 
     </span>
     <span class='ocr_line' id='line_1_28' title="bbox 287 2426 1689 2491; baseline 0 -19"><span class='ocrx_word' id='word_1_194' title='bbox 287 2426 361 2474; x_wconf 89' lang='lat' dir='ltr'><strong>vel</strong></span> <span class='ocrx_word' id='word_1_195' title='bbox 385 2427 716 2474; x_wconf 90' lang='lat' dir='ltr'><strong>Leodiensium</strong></span> <span class='ocrx_word' id='word_1_196' title='bbox 740 2436 905 2484; x_wconf 85' lang='lat' dir='ltr'><strong>terras,</strong></span> <span class='ocrx_word' id='word_1_197' title='bbox 926 2426 988 2473; x_wconf 92' lang='lat' dir='ltr'><strong>ad</strong></span> <span class='ocrx_word' id='word_1_198' title='bbox 1003 2427 1218 2474; x_wconf 89' lang='lat' dir='ltr'><strong>Nussiam</strong></span> <span class='ocrx_word' id='word_1_199' title='bbox 1238 2444 1386 2491; x_wconf 92' lang='lat' dir='ltr'><strong>usque</strong></span> <span class='ocrx_word' id='word_1_200' title='bbox 1403 2427 1513 2474; x_wconf 83' lang='lat' dir='ltr'><strong>satis</strong></span> <span class='ocrx_word' id='word_1_201' title='bbox 1538 2426 1689 2484; x_wconf 82' lang='lat' dir='ltr'><strong>facile,</strong></span> 
     </span>
     <span class='ocr_line' id='line_1_29' title="bbox 287 2503 1693 2569; baseline -0.001 -19"><span class='ocrx_word' id='word_1_202' title='bbox 287 2514 333 2550; x_wconf 90' lang='lat' dir='ltr'><strong>et</strong></span> <span class='ocrx_word' id='word_1_203' title='bbox 355 2505 485 2551; x_wconf 89' lang='lat' dir='ltr'><strong>nulla</strong></span> <span class='ocrx_word' id='word_1_204' title='bbox 517 2504 592 2551; x_wconf 88' lang='lat' dir='ltr'><strong>vel</strong></span> <span class='ocrx_word' id='word_1_205' title='bbox 627 2503 816 2551; x_wconf 87' lang='lat' dir='ltr'><strong>modica</strong></span> <span class='ocrx_word' id='word_1_206' title='bbox 848 2505 1042 2551; x_wconf 86' lang='lat' dir='ltr'><strong>inventa</strong></span> <span class='ocrx_word' id='word_1_207' title='bbox 1071 2505 1336 2552; x_wconf 84' lang='lat' dir='ltr'><strong>resistentia</strong></span> <span class='ocrx_word' id='word_1_208' title='bbox 1357 2541 1369 2564; x_wconf 96' lang='lat'><strong>,</strong></span> <span class='ocrx_word' id='word_1_209' title='bbox 1406 2504 1693 2569; x_wconf 88' lang='lat' dir='ltr'><strong>pertransire</strong></span> 
     </span>
     <span class='ocr_line' id='line_1_30' title="bbox 288 2580 1693 2646; baseline -0.001 -20"><span class='ocrx_word' id='word_1_210' title='bbox 288 2580 531 2644; x_wconf 83' lang='lat' dir='ltr'><strong>potuisset.</strong></span> <span class='ocrx_word' id='word_1_211' title='bbox 564 2581 708 2638; x_wconf 88' lang='lat' dir='ltr'><strong>Quod</strong></span> <span class='ocrx_word' id='word_1_212' title='bbox 740 2581 775 2627; x_wconf 89' lang='lat' dir='ltr'><strong>si</strong></span> <span class='ocrx_word' id='word_1_213' title='bbox 809 2580 1017 2639; x_wconf 88' lang='lat' dir='ltr'><strong>fecisset,</strong></span> <span class='ocrx_word' id='word_1_214' title='bbox 1044 2591 1089 2627; x_wconf 88' lang='lat' dir='ltr'><strong>et</strong></span> <span class='ocrx_word' id='word_1_215' title='bbox 1116 2591 1287 2629; x_wconf 89' lang='lat' dir='ltr'><strong>cuncta</strong></span> <span class='ocrx_word' id='word_1_216' title='bbox 1304 2582 1399 2629; x_wconf 88' lang='lat' dir='ltr'><strong>fere</strong></span> <span class='ocrx_word' id='word_1_217' title='bbox 1420 2581 1595 2646; x_wconf 89' lang='lat' dir='ltr'><strong>oppida</strong></span> <span class='ocrx_word' id='word_1_218' title='bbox 1620 2581 1693 2626; x_wconf 90' lang='lat' dir='ltr'><strong>in-</strong></span> 
     </span>
    </p>
   </div>
   <div class='ocr_carea' id='block_1_3' title="bbox 342 2707 853 2807">
    <p class='ocr_par' dir='ltr' id='par_1_4' title="bbox 342 2707 853 2807">
     <span class='ocr_line' id='line_1_31' title="bbox 342 2707 701 2749; baseline 0.008 -4"><span class='ocrx_word' id='word_1_219' title='bbox 342 2711 357 2745; x_wconf 76' lang='lat'><strong>1</strong></span> <span class='ocrx_word' id='word_1_220' title='bbox 372 2738 380 2745; x_wconf 92' lang='lat'><em>.</em></span> <span class='ocrx_word' id='word_1_221' title='bbox 410 2707 701 2749; x_wconf 85' lang='lat' dir='ltr'><strong>Valenciennes.</strong></span> 
     </span>
     <span class='ocr_line' id='line_1_32' title="bbox 342 2767 853 2807; baseline 0.008 -4"><span class='ocrx_word' id='word_1_222' title='bbox 342 2769 380 2804; x_wconf 74' lang='grc' dir='ltr'><strong>Ξ.</strong></span> <span class='ocrx_word' id='word_1_223' title='bbox 414 2769 600 2805; x_wconf 72' lang='lat' dir='ltr'><strong>Exercitis</strong></span> <span class='ocrx_word' id='word_1_224' title='bbox 618 2767 711 2805; x_wconf 87' lang='lat' dir='ltr'><strong>dans</strong></span> <span class='ocrx_word' id='word_1_225' title='bbox 729 2768 765 2806; x_wconf 87' lang='lat' dir='ltr'><strong>le</strong></span> <span class='ocrx_word' id='word_1_226' title='bbox 782 2782 853 2807; x_wconf 88' lang='lat' dir='ltr'><strong>ms.</strong></span> 
     </span>
    </p>
   </div>
   <div class='ocr_carea' id='block_1_4' title="bbox 345 2826 1558 2879">
    <p class='ocr_par' dir='ltr' id='par_1_5' title="bbox 345 2826 1558 2879">
     <span class='ocr_line' id='line_1_33' title="bbox 345 2826 1558 2879; baseline 0.001 -15"><span class='ocrx_word' id='word_1_227' title='bbox 345 2829 380 2864; x_wconf 83' lang='lat'><strong>3.</strong></span> <span class='ocrx_word' id='word_1_228' title='bbox 412 2826 658 2875; x_wconf 71' lang='lat' dir='ltr'><strong>Monfflidier,</strong></span> <span class='ocrx_word' id='word_1_229' title='bbox 677 2826 835 2875; x_wconf 64' lang='lat' dir='ltr'><strong>carme,</strong></span> <span class='ocrx_word' id='word_1_230' title='bbox 855 2828 1157 2878; x_wconf 81' lang='lat' dir='ltr'><strong>Saint-Riquier,</strong></span> <span class='ocrx_word' id='word_1_231' title='bbox 1179 2832 1285 2879; x_wconf 82' lang='lat' dir='ltr'><strong>Roye</strong></span> <span class='ocrx_word' id='word_1_232' title='bbox 1306 2838 1343 2866; x_wconf 87' lang='lat' dir='ltr'><strong>et</strong></span> <span class='ocrx_word' id='word_1_233' title='bbox 1362 2828 1558 2866; x_wconf 73' lang='lat' dir='ltr'><strong>Doullens.</strong></span> 
     </span>
    </p>
   </div>
  </div>
 </body>
</html>
