2054 3470
388 328 465 366 390
752 325 1093 363 HISTORIARUM
1117 326 1354 364 LUDOVICI
1379 327 1436 362 XI

385 414 573 463 diverso
601 412 723 460 facta
753 411 1056 471 defensione,
1087 413 1294 460 cervices
1332 413 1668 462 tantummodo
1689 430 1799 462 suas

384 490 658 539 ferientibus
683 489 991 554 objectarent.
1018 493 1160 538 Facta
1179 501 1248 538 est
1265 491 1407 555 igitur
1430 507 1602 555 magna
1622 492 1672 538 in
1687 491 1798 540 loco

382 570 676 630 certaminis,
708 568 793 617 sed
824 579 870 616 et
899 570 949 615 in
974 568 1084 633 fuga
1107 570 1412 616 numerosior
1437 568 1588 616 multo
1615 568 1795 630 caedes3

382 665 488 712 quae
513 657 561 695 et
586 647 712 694 vires
742 645 1137 710 Burgundionum
1165 656 1214 694 et
1237 663 1432 694 omnem
1455 646 1628 705 ferme,
1653 662 1799 711 quam

384 734 580 790 perante
603 725 860 772 maximam
878 723 975 770 dux
991 724 1390 787 Burgundionum
1411 724 1707 789 acquisierat,
1731 724 1799 773 fa-

383 819 513 850 mam
539 801 748 849 abolevit
770 810 818 847 et
840 801 1076 848 exstinxit.
1103 804 1225 848 Nam
1255 811 1303 849 et
1334 803 1451 867 ipse,
1479 801 1733 850 foedissima
1753 811 1802 849 et

382 877 832 941 ignominiosissima
854 877 964 939 fuga
986 877 1197 942 elapsus,
1222 877 1424 941 aufugit,
1449 888 1617 926 exutus
1637 878 1801 926 castris

381 954 523 1003 simul
551 964 598 1001 et
626 953 835 1014 cunctiS,
868 970 973 1017 quae
1001 969 1170 1018 parare
1196 964 1244 1001 et
1266 971 1519 1019 aggregare
1548 965 1769 1021 potuerat
1784 993 1798 1017 ,

382 1032 565 1080 bellicis
593 1031 939 1078 instrumentis.

447 1106 566 1164 Quis
587 1115 749 1153 autem
778 1122 1008 1152 numerus
1030 1122 1263 1153 caesorum
1285 1105 1453 1168 fuerit,
1481 1105 1543 1154 ad
1568 1116 1751 1154 certum
1773 1124 1801 1155 a

384 1184 527 1231 nobis
562 1184 673 1231 sciri
700 1200 801 1231 non
837 1184 1019 1248 potuit,
1050 1185 1159 1232 licet
1191 1185 1412 1232 nonnulli
1447 1196 1711 1233 assererent
1740 1186 1802 1234 ad

384 1280 465 1310 xm
502 1262 704 1310 millium
743 1272 790 1309 et
827 1262 1031 1327 amplius
1068 1279 1328 1310 numerum
1362 1262 1672 1311 ascendisse¹.
1711 1264 1806 1312 Sed

383 1340 516 1405 quod
546 1356 647 1386 non
677 1340 854 1396 minor,
887 1339 986 1386 imo
1017 1340 1178 1405 potius
1208 1339 1429 1405 amplior,
1463 1341 1709 1400 exstiterit,
1746 1358 1804 1389 ex

383 1417 479 1464 hoc
501 1416 725 1464 convinci
750 1425 931 1482 potest,
960 1416 1094 1481 quod
1115 1433 1173 1464 ex
1201 1435 1259 1464 xn
1282 1417 1514 1479 millibus,
1543 1427 1643 1466 tam
1669 1419 1806 1483 equi-

385 1504 489 1540 tum
520 1510 666 1558 quam
686 1493 927 1559 peditum,
955 1510 1101 1558 quem
1123 1488 1386 1542 numerum*
1404 1494 1693 1543 bellatorum
1721 1511 1805 1543 seu

387 1580 682 1618 armatorum
714 1571 874 1636 ipsum
902 1571 952 1618 in
984 1572 1148 1619 castris
1169 1571 1407 1620 ferebatur
1428 1571 1675 1633 habuisse,
1696 1581 1806 1638 post

388 1649 575 1712 fugam,
606 1663 701 1713 qua
731 1648 782 1694 in
819 1649 1144 1713 Burgundiam
1179 1666 1229 1697 se
1260 1650 1463 1715 recepit,
1498 1650 1573 1696 vix
1610 1666 1668 1697 ex
1703 1649 1801 1709 his,

387 1725 470 1789 qui
506 1725 615 1789 fuga
650 1736 899 1773 evaserant
912 1762 927 1787 ,
953 1727 1043 1773 tria
1078 1726 1225 1774 millia
1257 1726 1388 1792 apud
1424 1743 1474 1774 se
1510 1726 1806 1791 recollegisse

387 1801 655 1849 videbatur.
686 1803 807 1849 Satis
834 1812 995 1850 tamen
1026 1813 1215 1851 constat
1241 1821 1343 1851 non
1371 1820 1563 1863 omnes,
1588 1803 1671 1868 qui
1691 1803 1805 1850 hos-

389 1879 492 1927 tiles
512 1897 683 1928 manus
698 1892 972 1942 evaserant,
1001 1882 1132 1947 apud
1149 1898 1260 1929 eum
1283 1899 1333 1930 se
1354 1883 1564 1946 recipere
1579 1881 1802 1940 voluisse,

389 1958 473 2005 sed
486 1957 580 2005 alio
604 1967 746 2022 atque
763 1958 856 2006 alio
871 1959 1135 2007 divertisse.
1153 1962 1273 2006 Nam
1289 1959 1464 2006 cumin
1486 1958 1649 2006 castris
1663 1967 1806 2023 atque

390 2035 601 2081 exercitu
621 2051 709 2081 suo
733 2035 1097 2099 stipendiarium
1121 2035 1319 2081 militem
1343 2034 1604 2100 plurimum
1630 2051 1687 2082 ex
1714 2037 1806 2082 lta-

388 2111 447 2157 lia
470 2120 612 2174 atque
632 2111 814 2173 Anglia,
836 2112 1026 2175 suisque
1046 2111 1273 2157 dominiis
1292 2127 1348 2158 ac
1371 2112 1521 2171 terris,
1541 2111 1805 2173 habuisset,

392 2187 568 2234 multos
600 2196 760 2234 tamen
795 2186 1030 2245 habebat,
1060 2197 1158 2235 tam
1189 2188 1373 2251 equites
1408 2205 1554 2252 quam
1590 2188 1804 2254 pedites,

393 2264 476 2328 qui
498 2279 600 2310 non
622 2263 711 2310 nisi
730 2264 875 2310 invite
896 2274 942 2311 et
963 2264 1155 2329 praecise
1179 2265 1333 2312 coacti
1356 2282 1442 2314 sua
1465 2275 1618 2313 castra
1638 2282 1811 2329 seque-

393 2341 593 2400 bantur,
619 2340 670 2387 in
694 2339 885 2404 quibus,
917 2343 1108 2406 praeter'
1129 2341 1453 2405 fatigationem
1473 2352 1520 2390 et
1541 2343 1811 2391 incommo-

449 2462 468 2498 1
479 2490 488 2499 .
523 2477 543 2495 «z
562 2462 616 2499 Le
634 2459 814 2513 seigneur
831 2460 880 2499 de
895 2464 1057 2513 Contay,
1077 2462 1145 2514 qui
1162 2461 1291 2501 arriva
1307 2475 1396 2501 vers
1412 2462 1450 2501 le
1467 2475 1538 2513 roy
1551 2471 1627 2502 tost
1643 2464 1757 2516 apres
1774 2463 1812 2503 la

395 2519 572 2567 bataille‚
598 2520 773 2558 consessa
798 2534 849 2559 au
876 2535 962 2573 roy,
993 2536 1084 2574 moy
1114 2522 1291 2574 present,
1319 2536 1395 2574 que
1419 2535 1468 2562 en
1486 2522 1627 2562 ladicte
1656 2523 1812 2564 bataille

396 2579 560 2618 estoient
585 2593 689 2618 mors
712 2580 796 2618 huit
818 2581 923 2619 mille
949 2581 1126 2620 hommes
1158 2581 1212 2620 du
1238 2590 1352 2633 party
1379 2581 1489 2620 dudit
1517 2581 1614 2630 duc,
1645 2596 1812 2635 prenans

396 2639 526 2692 gaiges
543 2639 593 2677 de
620 2639 702 2690 luy,
728 2648 767 2677 et
784 2639 968 2679 d'aultres
988 2654 1149 2680 menues
1168 2654 1262 2694 gens
1281 2654 1400 2679 assez.
1421 2644 1468 2679 Et
1489 2654 1599 2692 croy,
1625 2643 1648 2679 ὲ
1670 2655 1714 2680 ce
1735 2653 1811 2693 que

409 2701 472 2736 ’en
491 2711 540 2749 ay
559 2711 636 2749 peu
654 2698 855 2745 entendre,
877 2699 971 2750 qu’il
989 2714 1016 2751 y
1033 2700 1140 2739 avoit
1155 2698 1247 2738 bien
1265 2699 1461 2738 dix-huict
1479 2700 1584 2738 mille
1601 2711 1811 2751 personnes

397 2770 444 2796 en
463 2766 560 2798 tout.
585 2775 604 2793 ι»
625 2758 866 2807 Commines,
890 2761 918 2798 1.
941 2762 986 2808 V,
1007 2774 1040 2797 c.
1062 2774 1123 2799 111.

451 2819 491 2856 2.
522 2820 680 2867 Propter
696 2817 790 2855 dans
810 2817 847 2855 le
869 2831 939 2855 ms.
