2054 3470
748 323 892 360 unm
917 322 1160 369 omarus,
1582 321 1656 358 327

256 412 434 471 fuisset,
460 412 609 476 eique*
632 419 861 458 assertum
882 409 982 472 jam
1004 408 1183 468 navim,
1213 409 1261 454 in
1284 424 1380 471 qua
1399 407 1660 455 vehebatur

257 491 532 554 imperator,
566 503 666 534 esse
697 495 806 533 ante
841 480 1179 532 monasterium
1220 487 1370 531 Beatae
1408 485 1563 532 Mariae
1595 486 1662 533 -ad

256 568 496 630 MartyreS,
521 565 648 611 misit
667 580 778 611 cum
800 563 1096 610 festinatione
1118 562 1179 610 de
1200 562 1314 620 suis,
1334 562 1416 626 qui
1433 563 1660 625 poscituri

255 652 410 691 essent
421 642 643 691 eumdem
662 642 1016 706 imperatorem,
1035 649 1086 686 ut
1107 641 1182 687 vel
1197 639 1342 687 breve
1361 639 1658 704 colloquium

256 737 366 770 cum
389 736 448 768 eo
481 719 577 767 dux
605 720 706 785 ipse
728 718 905 766 habere
927 727 1104 783 posset,
1138 728 1281 782 atque
1311 727 1366 765 ut
1398 717 1460 765 ad
1483 717 1662 765 brevis-

255 799 422 846 simam
452 797 678 862 temporis
708 795 944 843 morulam
983 812 1196 858 gressum
1230 795 1391 843 sistere
1421 795 1564 860 hujus
1592 795 1662 842 rei

256 871 401 939 gratia
445 874 587 922 vellet
609 894 622 935 ;
682 874 766 921 sed
810 873 1058 938 postulatis
1102 873 1415 921 annuendum
1464 873 1662 920 minime

228 1009 232 1011 q
255 951 403 1012 duxit,
425 967 714 1021 cursumque
733 960 942 1016 coeptum
963 951 1272 998 continuavit.
1300 953 1357 997 Et
1377 951 1460 1011 ita,
1485 951 1661 999 infecto

255 1029 384 1094 quod
416 1028 518 1076 fleri
547 1029 698 1077 fuerat
732 1046 760 1077 a
785 1029 966 1076 cunctis
992 1029 1299 1088 aestimatum,
1330 1046 1390 1076 eo
1416 1028 1566 1076 modo
1598 1027 1659 1077 ab

254 1107 456 1155 invicem
481 1107 603 1155 male
625 1117 751 1156 sarto
772 1108 947 1155 foedere
969 1107 1302 1155 discesserunt.

743 1355 1083 1400 CAPITULUM
1116 1356 1174 1399 X.

254 1507 445 1553 Quomodo
457 1517 538 1556 post
552 1509 637 1552 hoc,
654 1507 727 1542 dux
742 1506 953 1554 Burgundiae
968 1507 1119 1542 visitavit
1134 1507 1340 1542 comitatum
1361 1518 1463 1541 suum
1481 1506 1663 1541 Fen-reten-

301 1575 393 1608 sem3
411 1571 445 1598 et
463 1562 508 1598 de
530 1575 670 1598 accessu
686 1562 943 1609 archiepiscopi
961 1561 1180 1596 Coloniensis
1205 1560 1252 1596 ad
1276 1572 1358 1595 eum
1377 1560 1414 1594 in
1435 1556 1660 1606 Burgundia‚

301 1625 404 1663 atque
419 1617 608 1651 rebellione
623 1615 710 1650 dicti
722 1616 908 1650 comitatus
922 1623 1044 1650 contra
1058 1627 1140 1650 eum
1154 1615 1181 1652 ¹.

320 1757 631 1804 Postmodum
666 1774 811 1818 vero,
858 1774 967 1804 cum
1004 1758 1102 1823 ipse
1136 1755 1232 1803 dux
1267 1753 1661 1820 Burgundionum

253 1844 427 1883 terram
452 1852 586 1882 suam
609 1835 1091 1899 Luxemburgensem,
1123 1834 1352 1882 valefacto
1387 1833 1662 1880 Treverensi

253 1912 391 1973 urbi,
429 1914 716 1978 repetiisset,
764 1914 960 1978 cupiens
991 1913 1194 1959 invisere
1222 1928 1362 1958 suum
1384 1910 1662 1958 comitatum

253 1993 603 2050 Ferretensem,
660 2007 803 2056 quem
837 1991 1000 2056 paucis
1048 2000 1159 2038 ante
1203 1990 1340 2037 annis
1374 1988 1435 2036 ab
1469 1987 1666 2035 Austriae

253 2066 375 2114 duce
407 2068 708 2130 Sigismundo
731 2078 1086 2134 comparaverat
1099 2070 1128 2127 ²,
1165 2067 1226 2115 ad
1262 2084 1368 2114 eam
1400 2077 1576 2113 terram
1597 2065 1666 2111 vi-

255 2143 450 2191 sendam
475 2155 545 2191 est
568 2161 652 2209 per
671 2145 1025 2209 Lotharingiam
1055 2145 1313 2210 profectus.
1340 2147 1391 2190 ln
1421 2160 1516 2208 qua
1538 2152 1664 2189 terra

257 2221 454 2284 (scilicet
482 2223 735 2269 comitatus
770 2223 1077 2286 Ferretensis)
1102 2240 1229 2280 cum,
1259 2221 1502 2269 nonnullis
1522 2220 1663 2285 oppi-

255 2298 378 2346 dulis
399 2300 689 2364 perlustratis
710 2316 821 2346 curn
844 2299 1001 2364 aliqua
1022 2309 1154 2364 parte
1176 2317 1368 2347 suarum
1392 2299 1658 2364 copiarum,

255 2376 445 2423 modico
467 2377 578 2423 satis
608 2386 824 2441 tempore
858 2377 1017 2423 fuisset
1045 2386 1326 2439 remoratus,
1353 2377 1518 2424 relicto
1542 2372 1662 2422 inibi

254 2450 315 2497 ad
336 2451 549 2514 ejusdem
579 2463 712 2500 terrae
738 2453 1195 2500 administrationem
1224 2464 1269 2500 et
1300 2455 1512 2517 regimen
1542 2469 1663 2517 quo-

254 2527 366 2574 dam
379 2529 524 2576 milite
537 2530 786 2594 indigena,
795 2540 1116 2594 cognomento
1130 2530 1478 2593 Hachenbacffi,
1493 2530 1663 2578 exinde

307 2691 346 2728 1.
375 2687 552 2740 Chapitre
570 2689 701 2741 publi&
719 2690 814 2728 dans
831 2691 1106 2741 l’Ample’ssima
1124 2695 1305 2740 collectio,
1325 2701 1353 2730 t.
1379 2695 1446 2740 IV,
1469 2691 1543 2731 col.
1567 2693 1658 2729 770.

306 2749 343 2784 2.
377 2750 437 2785 Au
455 2758 781 2787 commencement
802 2750 850 2788 de
867 2751 1019 2789 l'anne'e
1038 2754 1156 2790 1469.

309 2809 344 2844 3.
379 2807 507 2845 Pierre
525 2807 572 2845 de
591 2808 839 2859 Hagenbach,
861 2810 1134 2861 gentilhomme
1149 2809 1198 2848 de
1217 2810 1414 2861 Sundgau.
