2054 3470
376 366 452 402 380
742 365 1080 403 HISTORIARUM
1108 367 1344 405 LUDOVICI
1371 369 1428 404 XI

372 463 476 500 ctus
506 453 655 500 fuerat
686 452 977 514 honoribus,
1012 453 1290 503 affinitatem
1318 456 1438 520 regis
1467 465 1515 503 et
1542 457 1785 504 servitium

373 530 868 577 formidolosissimum
911 531 1159 595 expetere?
1194 533 1415 579 Potuerat
1449 533 1582 589 satis,
1613 534 1650 580 si
1682 551 1781 582 non

373 607 577 671 superba
600 608 797 655 ambitio
821 617 962 671 atque
985 608 1178 654 avaritia
1210 609 1295 656 sibi
1326 610 1544 657 caecitatis
1566 602 1784 659 tenebras

372 683 704 742 obduxissent‚
749 684 909 730 multis
941 694 986 731 et
1021 702 1115 732 suae
1141 695 1186 732 et
1215 687 1557 750 praeteritarum
1595 697 1782 734 aetatum

370 761 704 824 experimentis
748 762 1005 808 instructus
1043 778 1168 823 esse,
1216 774 1451 826 quantum
1496 764 1783 811 invidiarum

371 839 666 884 contentioni
689 854 744 884 ac
769 838 1126 885 aemulationum
1165 855 1264 886 sese
1291 841 1502 904 injiciant
1536 841 1778 906 periculis,

370 915 452 978 qui
482 915 605 961 circa
637 931 769 978 reges
800 925 847 961 et
878 924 1107 979 tyrannos
1134 916 1387 979 primarios
1415 917 1624 964 honores
1653 935 1782 982 quae·

370 1002 503 1046 runt,
531 1001 577 1037 et
601 991 883 1054 dignitatum
911 991 1084 1054 gradus
1111 992 1301 1039 altiores
1324 994 1661 1043 conscendere.
1690 997 1782 1042 Eo-

370 1085 475 1114 rum
505 1068 852 1115 miserabilibus
883 1069 1070 1116 casibus
1098 1079 1242 1134 atque
1272 1070 1544 1118 infortuniis
1570 1081 1616 1118 et
1653 1083 1780 1120 vete-

369 1162 443 1192 res
464 1154 511 1192 et
532 1147 821 1193 recentiores
842 1146 994 1210 plenae
1021 1149 1134 1194 sunt·
1154 1147 1376 1195 historiae.

434 1225 610 1269 Verum
633 1223 756 1287 ipse,
784 1224 867 1287 qui
886 1224 986 1287 jam
1009 1225 1119 1271 satis
1143 1225 1301 1288 gratiae
1327 1236 1592 1273 assecutum
1609 1264 1623 1288 ,
1650 1237 1698 1274 et
1719 1229 1780 1275 ad

369 1315 609 1346 summum
651 1318 800 1365 usque
835 1301 996 1348 locum
1036 1302 1166 1366 apud
1209 1302 1605 1365 Burgundionum
1641 1305 1782 1369 prin—

367 1377 523 1440 cipem
569 1394 618 1423 se
659 1387 940 1441 provectum
981 1378 1199 1439 videbat,
1242 1379 1538 1426 existimabat
1570 1396 1620 1427 se
1656 1381 1782 1428 inter

366 1464 620 1517 utrosque,
651 1471 811 1518 regem
846 1454 1064 1502 videlicet
1095 1459 1387 1502 Francorum
1423 1466 1469 1502 et
1501 1457 1782 1520 Burgundiae

366 1531 562 1589 ducem,
599 1532 723 1578 inter
756 1549 877 1595 quos
910 1532 1213 1579 acerbissima
1248 1532 1359 1578 odia
1390 1542 1489 1579 tum
1528 1532 1776 1596 vigebant,

364 1607 493 1655 velut
516 1607 788 1668 arbitrum¹,
819 1618 923 1654 tuto
949 1618 1090 1673 atque
1113 1608 1350 1655 inoffenso
1374 1609 1492 1656 calle
1512 1626 1651 1674 posse
1670 1611 1780 1657 resi-

365 1685 477 1732 dere
500 1695 547 1733 et
567 1685 829 1733 ambulare.
862 1687 1126 1733 Temerarie
1149 1685 1363 1752 profecto
1386 1696 1432 1734 et
1454 1687 1596 1734 nimis
1613 1688 1779 1735 incon-

364 1761 507 1808 sulte!
535 1765 651 1808 Nam
673 1779 782 1809 cum
807 1764 997 1827 utrique
1020 1765 1232 1828 placere,
1262 1763 1502 1810 lucrorum
1520 1765 1779 1830 cupiditate

364 1839 489 1886 ultro
510 1840 724 1904 citroque
744 1841 945 1899 illectus,
969 1850 1240 1901 conaretur,
1267 1841 1488 1887 effectum
1507 1850 1576 1887 est
1592 1850 1644 1887 ut
1665 1841 1778 1888 utri-

362 1933 456 1980 que
492 1916 760 1982 displiceret
795 1927 841 1963 et
866 1919 1113 1981 utriusque
1144 1917 1306 1964 odium
1337 1927 1479 1981 atque
1511 1917 1777 1964 inimicitias

362 1994 684 2057 conquireret.
718 1995 904 2040 Putavit
933 2011 981 2041 se
1004 1995 1163 2041 forsan
1191 1994 1381 2057 utrique
1406 1993 1607 2040 domino
1635 2010 1776 2059 posse

362 2070 537 2115 servire
577 2079 623 2116 et
665 2087 780 2134 opes
820 2086 952 2127 suas,
991 2086 1101 2116 cum
1136 2080 1340 2133 utroque
1376 2086 1548 2134 parum
1588 2087 1643 2117 ex
1678 2070 1774 2118 fide

363 2145 576 2209 agendo,
612 2146 855 2193 cumulare
886 2156 932 2193 et
963 2162 1159 2209 augere;
1196 2147 1278 2193 sed
1308 2163 1441 2193 suam
1472 2147 1775 2212 prudentiam

362 2239 418 2271 ac
442 2223 722 2288 sapientiam
745 2224 899 2270 carnis
925 2224 1113 2270 stultam
1135 2224 1343 2271 ostendit
1366 2225 1592 2289 sapientia
1617 2226 1775 2272 Salva-

362 2300 495 2347 toris.
521 2303 672 2346 Nemo
695 2300 843 2360 enim,
870 2310 922 2346 ut
945 2301 1032 2359 ait,
1055 2310 1213 2365 potest
1238 2301 1430 2348 duobus
1452 2301 1658 2348 dominis
1676 2318 1773 2348 ser-

363 2378 484 2435 vire,
514 2377 769 2441 praesertim
801 2377 973 2440 quibus
1000 2379 1144 2424 animi
1170 2378 1353 2424 adversi
1379 2389 1424 2424 et
1446 2395 1472 2425 a
1496 2395 1545 2425 se
1566 2379 1772 2426 invicem

361 2465 456 2502 tam
496 2454 803 2515 dissidentes,
844 2466 938 2502 tam
980 2455 1260 2502 discordiosi
1304 2467 1349 2503 et
1386 2457 1563 2503 inimici
1598 2467 1769 2504 essent.

358 2535 558 2578 Tantum
579 2532 704 2578 enim
725 2533 847 2578 inter
872 2550 921 2579 se
939 2533 1034 2580 odii
1057 2543 1102 2579 et
1124 2534 1377 2580 inimicitiae
1396 2532 1626 2580 acerbitas
1649 2533 1774 2580 diffi-

361 2609 531 2656 dentiae
566 2609 817 2668 inseverat,
854 2620 906 2656 ut
938 2610 1173 2674 quidquid
1204 2611 1251 2656 in
1277 2611 1547 2657 alterutrius
1573 2611 1772 2673 gratiam

362 2685 548 2733 efficere
573 2694 654 2732 aut
674 2685 833 2733 dicere
857 2688 1106 2751 potuisset,
1133 2687 1226 2733 hoc
1248 2687 1376 2734 velut
1399 2687 1459 2734 ad
1483 2688 1555 2733 sui
1577 2687 1770 2734 exitium

414 2837 428 2872 ¹
443 2865 450 2872 .
485 2836 638 2872 Arbiter
653 2835 748 2873 dans
763 2836 799 2873 le
817 2848 887 2875 ms.
