2054 3470
744 324 891 363 LIBER
924 323 1164 371 QUARTUS.
1588 326 1664 363 307

254 413 340 462 diu
363 431 419 462 ea
448 431 524 461 res
549 419 881 470 attentaretur,
908 411 1164 459 multitudo
1199 411 1534 475 hujuscemodi
1568 412 1662 461 fac-

255 493 398 540 tionis
408 495 590 556 ignara,
604 500 785 538 terrore
798 489 1198 551 commotassllico
1212 489 1431 554 prorupit
1445 490 1494 535 in
1510 505 1661 551 arma,

258 584 303 622 et
324 574 386 622 ad
407 572 606 621 tuendas
628 581 791 636 portas
812 579 859 618 et
881 571 1057 618 moenia
1081 587 1193 618 cum
1214 570 1396 634 ingenti
1414 585 1667 617 accurrens

256 651 474 707 fremitu,
498 648 677 715 expulit
705 657 753 696 et
775 647 1042 696 inefficaces
1065 647 1197 695 abire
1217 648 1398 712 coegit3
1424 657 1471 694 et
1491 647 1554 694 ita
1578 664 1667 713 pro

257 743 313 787 ea
334 727 436 775 vice
454 735 691 774 servatum
716 725 801 772 fuit
823 724 1059 791 oppidum
1081 726 1180 789 regi
1204 727 1536 773 Francorum'.

296 847 299 850 ⁴
320 805 427 862 Quo
458 803 582 851 facto
602 841 616 860 ‚
653 819 765 850 cum
800 801 862 849 de
901 803 1161 866 conjuratis
1178 839 1191 862 ,
1225 819 1283 850 ex
1320 800 1671 866 suspicionibus

257 878 516 939 nonnullis,
536 877 781 942 inquisitio
799 876 967 925 haberi
987 877 1294 943 coepisset,ad
1315 876 1550 941 quosdam
1567 893 1674 942 pro-

256 952 493 1002 babilibus
513 952 822 1017 conjecturis²
840 951 1100 1000 deventum
1121 961 1207 1011 est,
1227 952 1328 1015 qui,
1346 967 1457 999 cum
1474 951 1524 997 in
1543 950 1649 1014 jure
1662 952 1677 976 ⁸

256 1030 459 1078 confessi
485 1029 681 1077 fuissent
703 1029 778 1076 vel
800 1039 1046 1088 auctores,
1073 1029 1150 1076 vel
1171 1028 1431 1094 complices
1454 1028 1676 1092 conjura-

257 1108 400 1155 tionis
421 1108 668 1167 exstitisse,
693 1107 755 1155 de
776 1107 850 1154 his
871 1117 1100 1171 tauquam
1126 1107 1186 1154 de
1208 1107 1300 1154 reis
1322 1107 1439 1154 laesae
1461 1106 1677 1170 majesta·

258 1185 317 1232 tis
350 1186 639 1250 supplicium
666 1187 941 1250 sumptum*
970 1184 1073 1231 suit.
1101 1187 1229 1232 Inter
1263 1201 1385 1249 quos
1421 1193 1522 1232 erat
1555 1200 1677 1230 unus

258 1266 522 1331 praecipuus
538 1266 705 1332 oppidi
727 1265 896 1314 consul
918 1281 1008 1330 pro
1030 1264 1111 1313 illo
1135 1281 1283 1313 anno.
1306 1267 1396 1312 Per
1414 1264 1574 1329 fugam
1594 1281 1678 1312 au-

259 1352 356 1391 tem
385 1344 605 1408 praefatus
627 1343 854 1391 dominus
875 1342 1143 1390 Bernardus
1163 1380 1176 1404 ,
1213 1342 1375 1402 miles,
1411 1359 1523 1389 cum
1551 1359 1679 1389 non-

260 1420 402 1468 nullis
419 1420 735 1486 complicibus
751 1458 765 1482 ,
792 1430 978 1468 mature
999 1456 1011 1480 ,
1047 1419 1181 1484 quod
1202 1437 1326 1485 opus
1347 1420 1389 1467 ei
1420 1419 1508 1467 fuit
1524 1455 1536 1479 ,
1562 1436 1678 1466 con-

260 1496 419 1544 suluit.
454 1498 546 1545 Sed
572 1498 771 1545 minime
801 1496 1156 1561 quiescentibus
1186 1496 1481 1561 reliquorum
1512 1497 1681 1543 animis

262 1575 366 1639 (qui
384 1576 505 1622 forte
528 1575 618 1622 sibi
639 1575 820 1622 conscii
847 1585 984 1623 erant
1003 1574 1339 1639 hujuscemodi
1360 1574 1680 1638 conjurationi

261 1667 504 1698 assensum
549 1652 816 1717 praestitisse
835 1689 847 1711 ,
884 1662 963 1710 et,
998 1660 1196 1717 propter
1224 1651 1322 1699 hoc
1355 1661 1485 1698 metu
1520 1651 1676 1711 anxii,

262 1744 361 1776 non
380 1728 507 1776 aliud
529 1728 813 1776 affectabant
834 1746 923 1776 nec
942 1729 1151 1793 cogitare
1169 1738 1393 1793 poterant
1412 1765 1424 1787 ,
1451 1728 1543 1775 nisi
1564 1744 1681 1792 qua-

246 1788 388 1864 ‘fife-r,
414 1805 598 1854 sublato
624 1807 704 1853 tali
733 1816 864 1853 metu
888 1807 1065 1871 poenali
1099 1815 1244 1870 atque
1272 1805 1410 1853 valde
1433 1806 1680 1852 anxietatis

262 1892 310 1930 et
330 1882 597 1929 formidinis
620 1883 787 1948 pleno,
816 1882 1054 1930 securitati
1080 1893 1127 1929 et
1150 1882 1298 1946 quieti
1322 1882 1676 1945 redderentur),

262 1958 578 2024 plurimorum
601 1959 771 2019 etiam,
797 1960 902 2023 qui,
929 1960 1015 2006 etsi
1029 1959 1165 2005 dictae
1195 1959 1364 2024 prioris
1388 1959 1679 2022 conjuratio·

263 2036 339 2083 nis
359 2036 538 2083 conscii
570 2035 769 2083 minime
794 2036 1008 2095 fuerant,
1045 2045 1205 2083 tamen
1239 2035 1299 2082 de
1321 2036 1601 2100 punitorum
1633 2044 1681 2083 et

264 2113 640 2178 proscriptorum
668 2113 823 2177 poenis
856 2110 1073 2160 dolentes
1090 2150 1102 2174 ‚
1130 2113 1212 2177 qui
1241 2113 1308 2160 eis
1331 2112 1405 2160 vel
1440 2114 1680 2177 sanguinis

265 2189 612 2237 necessitudine
643 2190 888 2254 conjuncti
921 2207 1022 2238 esse
1059 2200 1305 2256 poterant,
1352 2201 1400 2238 et
1425 2191 1487 2239 ad
1522 2208 1680 2256 regem

266 2281 406 2313 suum
434 2269 705 2330 Aragonum
744 2266 949 2315 naturali
985 2283 1149 2314 amore
1169 2305 1181 2327 ,
1227 2268 1289 2314 ad
1325 2271 1531 2316 Francos
1565 2285 1680 2316 vero

322 2459 360 2494 1.
390 2459 496 2496 Cette
515 2457 700 2496 tentative
719 2466 778 2496 est
801 2457 1048 2496 mentionnce
1076 2457 1171 2496 dans
1196 2471 1251 2497 un
1276 2458 1439 2510 registre
1461 2459 1510 2498 de
1537 2459 1684 2511 l'eglise

270 2515 560 2566 Saint-Jacques
585 2516 634 2554 de
656 2517 876 2569 Perpignan
891 2547 902 2565 ,
923 2518 945 2554 a
967 2516 1006 2554 la
1021 2516 1108 2554 date
1124 2517 1177 2554 du
1198 2520 1249 2556 25
1264 2518 1419 2566 janvier
1440 2520 1558 2556 1473.
1582 2520 1682 2568 Rap-

269 2582 359 2626 port
379 2574 427 2613 de
446 2577 502 2612 Μ.»
530 2578 666 2626 Henry
689 2588 757 2613 sur
784 2575 840 2614 les
868 2575 1046 2614 archivcs
1074 2575 1123 2613 de
1148 2576 1389 2629 Perpignan,
1408 2576 1504 2615 dans
1532 2575 1588 2614 les
1609 2579 1686 2613 Do-

269 2643 442 2673 cuments
459 2634 614 2682 inedits,
635 2638 850 2686 Me'langes,
871 2644 900 2674 t.
922 2637 956 2682 Ι,
978 2649 1019 2686 Ρ,
1038 2636 1130 2672 405.

324 2695 365 2734 2.
395 2696 499 2731 Dans
516 2693 553 2731 le
571 2706 663 2741 ms.,
682 2696 739 2731 ad
752 2695 936 2744 quasdam
951 2692 1166 2743 probabiles
1186 2699 1431 2742 conjecturas.

325 2758 363 2795 3.
397 2757 474 2805 Qui
491 2759 531 2792 in
551 2769 633 2793 eum
644 2757 728 2804 juri
750 2756 844 2795 dans
859 2756 898 2794 le
918 2768 991 2794 ms.

327 2821 366 2858 4.
396 2820 628 2867 Supplicium
643 2827 856 2866 superatum
876 2817 970 2856 dans
985 2817 1023 2855 le
1043 2830 1116 2855 ms.
