2054 3470
687 357 834 394 LIBER
871 355 1145 394 SECUNDUS.
1266 344 1268 346 ’
1550 358 1628 395 113

216 449 289 495 los
313 448 374 495 ad
394 449 546 496 Deum
568 445 850 509 dirigamus,
877 443 1288 508 quemadmodum
1310 445 1542 510 scriptum
1561 447 1632 494 le-

219 528 372 592 gimus
391 531 450 574 11⁰
470 525 905 591 Paralipomenum,
928 529 1007 572 xx⁰
1025 541 1132 590 cap.

283 603 414 652 Tales
427 603 570 667 igitur
588 612 872 662 conventus,
891 602 950 650 ad
969 602 1320 650 retundendam
1339 603 1632 668 impietatem

220 698 302 730 seu
325 679 625 745 tyrannidem
648 679 846 743 alicujus
866 680 989 744 regis
1015 689 1096 727 aut
1120 679 1421 744 imperatoris
1435 718 1448 742 ‚
1476 697 1503 728 a
1524 681 1634 728 sub-

221 758 328 805 ditis
352 757 724 805 existimaremus
742 757 1087 804 rationabiliter
1109 774 1249 822 posse
1272 757 1374 804 fieri
1390 794 1402 817 ,
1440 757 1522 805 ubi
1553 775 1632 805 su-

221 835 382 900 perior
418 834 589 899 aliquis
635 851 737 882 non
784 844 907 882 esset
922 871 935 895 ,
973 834 1105 899 apud
1145 851 1289 899 quem
1328 835 1405 884 via
1444 836 1635 899 justitiae

222 911 486 959 remedium
517 912 721 960 inveniri
751 922 936 977 posset3
968 912 1051 959 sed
1072 921 1119 959 et
1140 922 1256 959 tunc
1275 929 1375 959 non
1398 912 1513 960 alias
1544 914 1634 961 nisi

223 998 432 1036 extrema
473 999 675 1053 cogente
717 990 995 1037 necessitate
1019 1009 1030 1049 ;
1087 1000 1132 1037 et
1158 1027 1170 1051 ,
1224 990 1635 1054 quemadmodum

223 1065 284 1114 ad
305 1065 543 1113 urendum
566 1066 642 1114 vel
666 1067 930 1115 secandum
953 1067 1225 1114 membrum
1246 1067 1460 1132 aliquod,
1483 1078 1536 1115 ut
1557 1070 1636 1115 Ci-

222 1159 333 1192 cero
358 1144 529 1208 inquit,
555 1153 670 1192 tunc
694 1144 967 1204 devenitur,
993 1144 1077 1192 ubi
1104 1155 1272 1192 caetera
1294 1146 1456 1192 omnia
1486 1145 1638 1193 medi-

201 1221 395 1269 cinalia
438 1222 650 1270 remedia
691 1222 920 1270 deficiunt
962 1223 1037 1270 vel
1075 1223 1194 1270 nihil
1234 1223 1527 1289 proficiunt,
1575 1226 1639 1272 ita

225 1298 286 1346 ad
307 1298 434 1346 hanc
462 1299 586 1346 viam
608 1299 879 1364 reipublicae
902 1299 1114 1365 periculo
1138 1300 1444 1361 consulendi,
1483 1302 1521 1348 si
1555 1302 1641 1348 ali-

227 1375 423 1438 quando
454 1375 655 1423 subditis
683 1386 852 1424 contra
875 1375 1073 1440 alicujus
1098 1377 1400 1441 tyrannidem
1429 1387 1475 1424 et
1512 1378 1643 1425 saevi-

229 1453 342 1500 tiam
378 1454 706 1519 reprimendas
742 1454 882 1502 liceat
920 1454 1144 1502 devenire
1162 1490 1174 1511 ‚
1214 1465 1328 1502 tunc
1363 1454 1560 1502 demum
1592 1455 1641 1502 id

229 1529 444 1578 fiendum
459 1541 598 1591 esset,
622 1531 703 1578 ubi
727 1531 857 1579 aliud
879 1531 1144 1578 remedium
1160 1531 1429 1579 humanum
1446 1533 1643 1581 minime

230 1619 513 1673 superesset.
548 1607 686 1656 Unde
719 1624 748 1656 a
775 1608 908 1664 nullo
937 1609 1114 1674 culpati
1153 1625 1369 1673 unquam
1405 1610 1545 1658 fuisse
1576 1611 1644 1657 le-

231 1695 406 1750 guntur
428 1686 747 1750 Agrigentini,
779 1687 861 1750 qui
884 1702 1056 1733 omnes
1083 1686 1370 1734 unanimiter
1391 1687 1441 1734 in
1466 1687 1644 1736 Phala-

232 1763 344 1823 rim,
371 1773 423 1810 ut
444 1763 608 1810 Cicero
631 1763 810 1827 inquit,
836 1762 911 1810 vel
934 1772 1126 1810 senatus
1154 1763 1457 1828 populusque
1487 1781 1645 1813 roma·

230 1857 322 1888 nus
337 1876 350 1901 ,
387 1841 469 1905 qui
506 1842 555 1888 in
590 1844 830 1888 Neronem
850 1877 862 1902 ,
898 1857 984 1888 seu
1013 1841 1092 1887 alii
1127 1842 1466 1906 quamplurimi
1505 1841 1642 1889 liberi

231 1917 430 1984 populi,
465 1919 547 1983 qui
583 1919 632 1965 in
669 1918 843 1965 similes
866 1927 1112 1982 tyrannos,
1148 1933 1231 1964 seu
1255 1918 1463 1966 universi
1502 1918 1644 1966 simul

232 2011 314 2042 seu
335 1995 531 2060 quidam
554 2012 611 2042 ex
634 1996 747 2061 ipsis
769 1995 947 2042 caeteris
969 1995 1266 2054 audacioreS,
1298 2005 1509 2043 extrema
1531 2013 1646 2061 pos-

234 2082 371 2119 cente
391 2073 685 2133 necessitate,
709 2074 811 2120 zelo
829 2073 1020 2137 justitiae
1036 2083 1082 2120 et
1098 2072 1387 2137 reipublicae‚
1412 2074 1646 2139 impetum

237 2148 463 2197 fecerunt.
493 2151 639 2197 Omni
658 2151 787 2197 enim
810 2150 930 2215 juris
952 2150 1152 2197 humani
1176 2149 1426 2198 deficiente
1448 2152 1640 2215 auxilio,

237 2226 299 2274 ad
337 2228 457 2292 juris
491 2228 721 2275 naturalis
761 2228 972 2275 remedia
1005 2227 1166 2293 (quod
1201 2237 1368 2275 contra
1403 2229 1649 2278 violentias

238 2304 493 2370 unicuique
513 2322 614 2352 sese
630 2304 888 2352 defendere
911 2315 958 2352 et
976 2305 1075 2351 vim
1093 2305 1140 2351 vi
1161 2305 1390 2370 repellere
1406 2307 1650 2370 concedit)

242 2381 397 2430 nullus
419 2399 542 2430 sanae
565 2383 736 2429 mentis
766 2383 1008 2447 negaverit
1035 2384 1214 2430 recurri
1236 2400 1393 2448 posse.
1422 2385 1493 2431 Ad
1515 2386 1648 2450 quod

243 2460 404 2524 utique
437 2472 733 2509 recurrentes
766 2463 815 2509 in
851 2472 982 2509 tanta
1004 2479 1166 2509 rerum
1189 2462 1472 2510 confusione
1495 2474 1542 2511 et
1565 2482 1650 2512 vo-

244 2537 402 2599 ragine
422 2539 644 2586 vitiorum
677 2540 770 2603 (ne
787 2577 799 2600 ,
840 2539 1067 2604 patientia
1096 2555 1182 2587 sua
1205 2549 1337 2588 muta
1358 2550 1405 2587 et
1427 2541 1618 2606 torpida
1637 2579 1647 2600 ,

245 2629 356 2659 cum
369 2615 678 2663 verisimiliter
693 2616 923 2664 obsistere
942 2633 1081 2681 posse
1097 2626 1341 2682 putentur,
1363 2634 1650 2665 consensum

248 2700 317 2736 tot
344 2691 478 2738 malis
499 2703 718 2757 praestare
740 2694 1036 2758 videantur),
1064 2695 1146 2758 qui
1170 2694 1386 2759 profecto
1408 2712 1498 2761 pro
1517 2695 1655 2759 justi-

247 2768 326 2826 tia,
344 2784 433 2832 pro
455 2768 686 2830 libertate,
709 2772 749 2818 si
773 2772 870 2819 sors
890 2772 991 2819 haec
1015 2773 1239 2830 attulerit,
1264 2773 1537 2830 virtuosius,
1560 2774 1658 2820 lau·

248 2843 451 2892 dabilius
475 2856 617 2911 atque
640 2847 889 2912 gloriosius
912 2849 1256 2897 occumberent
1277 2866 1423 2912 quam
1446 2850 1502 2908 si,
1525 2851 1658 2896 omni

458 2936 490 2961 n
1424 2928 1447 2964 8
