2054 3470
738 297 885 360 mmm
911 323 1151 369 QUARTUS.
1574 324 1646 362 361

240 411 313 459 ab·
345 412 488 458 armis
531 410 755 458 discessio
800 419 847 456 et
867 402 1248 473 quodammodo
1293 410 1617 472 tergiversatio
1634 447 1647 471 ,

240 489 495 554 praesertim
529 504 640 535 cum
667 496 798 535 tanta
823 486 915 534 sibi
941 487 1154 552 suisque¹
1181 487 1248 534 cis
1279 486 1451 534 fretum
1489 487 1651 536 suisset

240 565 472 613 facturum
499 582 548 612 se
571 564 830 631 pollicitus,
865 563 1065 629 diesque
1090 563 1220 611 velut
1250 563 1340 611 sibi
1367 563 1651 612 decrevisset

168 654 170 656 ’
239 653 380 708 atque
422 642 736 690 constituisset
752 679 764 701 ‚
803 641 975 706 quibus
991 679 1004 703 ,
1046 651 1096 688 et
1138 642 1296 688 Remis
1333 642 1556 689 inunctus
1599 643 1649 689 in

239 737 398 785 regem
411 757 424 781 ‚
449 730 495 767 et
518 720 700 766 Parisiis
715 718 911 783 aliisque
929 719 980 766 in
1001 717 1201 765 urbibus
1219 727 1268 764 et
1283 717 1400 765 locis
1424 718 1650 782 insignio·

238 797 367 846 ribus
399 798 532 862 regni
564 800 858 844 Francorum
902 795 1172 844 diademate
1201 805 1249 842 et
1284 796 1385 844 aliis
1413 796 1650 859 regalibus

237 875 483 940 insignitus
511 885 822 941 receptusque
855 891 955 922 esse
986 874 1243 922 debuisset.
1283 873 1446 935 Unde,
1480 876 1651 939 procul

237 952 386 1001 dubio
402 990 415 1015 ,
464 970 564 1000 non
605 969 801 1019 parvam
849 951 961 999 inde
1003 951 1317 1016 ignominiam
1363 951 1411 997 in
1456 952 1651 1016 propria

235 1031 410 1078 retulit.

301 1107 394 1154 Sed
427 1124 484 1155 ea
516 1125 614 1168 res,
649 1109 735 1155 etsi
769 1107 1003 1156 maculam
1036 1107 1178 1154 etiam
1211 1107 1331 1170 regis
1360 1109 1651 1154 Francorum

236 1185 394 1250 gloriae
412 1203 467 1234 ac
485 1185 728 1252 splendori
747 1185 1014 1246 obduxerit,
1037 1184 1170 1250 quod
1187 1201 1236 1232 se
1252 1185 1350 1248 regi
1369 1184 1646 1249 Anglorum,

236 1263 304 1309 uti
341 1263 570 1323 diximus,
611 1264 718 1311 fecit
754 1264 1031 1328 vectigalem
1048 1267 1064 1323 ,'
1102 1272 1260 1329 potest
1302 1273 1461 1310 tamen
1499 1262 1651 1310 videri

235 1338 427 1387 aliunde
467 1356 567 1387 non
608 1340 984 1387 contemnendas
1027 1356 1116 1386 nec
1160 1355 1311 1404 parvo
1355 1338 1652 1386 aestimandas

235 1416 459 1464 utilitates
489 1435 636 1482 regno
667 1421 960 1465 Francorum
989 1416 1220 1474 attulisse,
1260 1416 1322 1464 ad
1354 1416 1485 1481 quod
1519 1417 1651 1464 inva-

235 1493 450 1542 dendum
470 1496 580 1560 (sub
598 1513 696 1561 quo
719 1505 850 1543 metu
868 1496 966 1560 jam
987 1513 1075 1561 per
1096 1512 1250 1543 annos
1271 1495 1506 1561 plurimos
1527 1495 1653 1542 elan-

236 1571 418 1636 guerat)
435 1589 534 1620 non
554 1573 688 1621 facile
706 1573 966 1636 Anglorum
986 1588 1067 1619 rex
1087 1573 1162 1619 vel
1178 1574 1248 1619 sui
1265 1571 1467 1638 posthac
1482 1588 1651 1620 ausum

235 1660 500 1711 assument,
527 1667 606 1697 seu
631 1651 788 1715 ipsum
813 1651 955 1697 armis
978 1650 1223 1715 impetere.
1251 1653 1372 1697 Cum
1397 1650 1526 1696 enim
1553 1666 1652 1697 me·-

236 1726 461 1774 minerint
493 1744 652 1792 regem
682 1727 838 1788 hunc,
873 1727 955 1792 qui
986 1727 1096 1774 satis
1126 1736 1317 1774 strenue
1350 1743 1426 1774 res
1457 1743 1652 1791 magnas

234 1813 344 1852 ante
364 1805 624 1870 perfecerat
638 1815 805 1853 contra
822 1805 1178 1870 potentissimos
1196 1804 1510 1866 adversarios,
1530 1822 1652 1870 quos

234 1880 367 1929 domi
388 1882 643 1943 habuerat,
671 1893 717 1930 et
738 1883 821 1947 qui
846 1892 944 1930 tam
965 1883 1209 1947 ingentem
1229 1882 1582 1948 expeditionem
1606 1893 1652 1930 et

233 1959 429 2009 bellicos
441 1972 695 2028 apparatus
710 1971 868 2009 tantos
883 1962 1100 2008 maximis
1112 1960 1365 2026 impendiis
1384 1971 1648 2025 paraverat,

212 2038 490 2095 ,habentem
519 2040 660 2087 etiam
689 2039 897 2098 favores,
929 2038 1108 2086 foedera
1133 2048 1277 2103 atque
1304 2038 1476 2085 auxilia
1508 2054 1534 2085 a
1564 2055 1652 2103 po-

234 2116 504 2163 tentissimis
524 2116 822 2182 principibus
849 2118 995 2165 totius
1019 2115 1204 2176 Galliae,
1236 2132 1326 2163 nec
1347 2114 1523 2180 pedem
1545 2117 1652 2180 qui-

234 2192 347 2240 dem
374 2193 423 2239 in
456 2203 582 2241 terra
607 2195 728 2258 regis
758 2197 1054 2242 Francorum
1081 2203 1280 2259 perante
1311 2210 1481 2240 ausum
1510 2193 1651 2242 fuisse

232 2269 429 2330 inferre,
466 2269 539 2317 vel
574 2270 675 2334 ejus
710 2287 863 2335 usque
896 2271 957 2318 ad
987 2271 1155 2318 limina
1187 2272 1498 2336 pertransire,
1540 2288 1651 2320 suos

234 2347 443 2394 tumidos
464 2348 761 2412 nimiumque
785 2348 846 2394 de
871 2349 966 2395 suis
988 2357 1325 2412 praesumentes
1348 2347 1651 2395 facultatibus

233 2424 419 2471 animos
437 2425 751 2472 verisimiliter
769 2424 1121 2490 temperabunt.
1150 2426 1198 2471 Si
1220 2425 1349 2471 enim
1369 2442 1536 2472 verum
1558 2436 1645 2484 est,

233 2500 366 2563 quod
395 2500 455 2548 de
483 2502 662 2549 viribus
691 2512 736 2549 et
765 2502 978 2566 potentia
1006 2501 1166 2549 Galliae
1191 2503 1244 2548 C.
1278 2504 1429 2549 Caesar
1463 2503 1513 2548 in
1552 2502 1649 2548 suis

234 2577 596 2626 Commentariis
638 2579 698 2626 de
740 2578 876 2626 bellis
919 2579 1108 2626 Gallicis
1153 2579 1384 2644 scriptum
1427 2578 1643 2642 reliquit,

233 2655 377 2701 totius
395 2655 612 2704 videlicet
627 2657 788 2704 Galliae
805 2657 1078 2718 consensui,
1100 2673 1202 2704 non
1218 2657 1367 2706 modo
1386 2658 1644 2712 Romanos,

288 2819 305 2854 1
318 2847 326 2855 .
358 2819 462 2855 Dans
480 2817 517 2855 le
534 2829 605 2855 ms.
627 2821 778 2866 suisque
797 2830 909 2866 quam
928 2822 997 2866 cis,
1017 2825 1088 2855 etc.
