2054 3470
441 315 518 352 264
659 357 663 369 Ι
805 314 1143 352 HISTORIARUM
1171 314 1406 352 LUDOVICI
1432 315 1489 351 XI

438 404 635 449 Movens
647 401 807 464 itaque
825 417 854 448 a
873 400 1133 448 Londoniis
1155 417 1266 448 cum
1281 401 1431 465 copiis
1456 401 1570 461 suiS,
1594 401 1655 448 ad
1671 402 1847 461 locum,

438 478 522 526 ubi
545 479 756 542 reginam
786 489 833 525 et
868 478 1142 525 Edoardum
1178 478 1328 525 filium
1362 478 1461 541 ejus
1490 494 1601 534 cum
1632 479 1729 525 suis
1750 495 1850 527 esse

436 556 753 618 existimabat,
773 557 862 604 iter
885 557 1074 603 direxit.

500 633 633 681 Idem
657 650 772 681 vero
798 633 1048 680 Edoardus
1071 650 1181 680 cum
1203 643 1353 681 matre
1378 649 1462 680 sua
1485 650 1511 680 e
1536 633 1725 681 diverso
1745 652 1849 682 ver·

433 728 513 758 sus
540 727 699 774 regem
729 710 1004 758 Edoardum
1025 748 1037 769 ‚
1074 711 1180 757 freti
1210 712 1430 772 maxima,
1474 728 1619 775 quam
1648 728 1675 757 e
1703 711 1847 760 nobi-

432 788 557 835 libus
578 798 626 834 et
649 787 960 852 popularibus
983 798 1335 844 contraxerant,
1362 789 1688 850 multitudine,
1707 790 1848 838 etiam

431 865 810 923 contendebant3
839 875 1168 929 veneruntque
1192 882 1341 929 usque
1362 866 1424 913 ad
1449 866 1687 914 civitatem
1710 871 1850 915 Bato-

432 942 687 989 niensem¹.
729 943 815 988 Cui
851 943 1027 989 civitati
1055 942 1458 1006 appropinquavit
1482 943 1733 991 Edoardus
1765 961 1849 992 rex

434 1035 585 1082 usque
608 1019 670 1065 ad
689 1019 855 1066 decern
873 1029 920 1065 et
932 1029 1042 1066 octo
1060 1018 1275 1066 milliaria
1290 1020 1448 1083 patriae
1459 1022 1489 1078 ²,
1517 1019 1679 1084 ibique
1698 1031 1849 1068 castra

431 1107 635 1144 metatus
663 1107 753 1166 est,
780 1113 993 1162 sperans,
1020 1097 1089 1144 uti
1106 1096 1229 1144 fama
1253 1096 1513 1156 ferebatur,
1546 1097 1707 1145 hostes
1738 1115 1849 1146 suos

430 1177 478 1223 in
505 1177 764 1224 crastinum
782 1193 944 1223 secum
969 1176 1293 1234 dimicaturos,
1323 1175 1389 1222 ibi
1419 1192 1500 1222 eos
1525 1177 1779 1240 opperiens
1801 1188 1848 1224 et

429 1263 623 1301 cunctas
660 1271 768 1301 suas
803 1254 927 1301 acies
960 1254 1021 1300 ad
1056 1253 1369 1318 praeliandum
1400 1269 1714 1318 componens.
1755 1255 1848 1302 Sed

429 1347 538 1377 cum
563 1331 612 1377 id
632 1333 804 1395 reginae
826 1332 1021 1395 ejusque
1053 1331 1151 1378 filio
1177 1331 1482 1390 innotuisset,
1517 1330 1650 1394 quod
1669 1331 1849 1378 Edoar—

429 1407 519 1454 dus
550 1425 631 1455 rex
664 1409 727 1456 ad
751 1408 1062 1474 praeliandum
1097 1408 1339 1454 accinctus
1367 1417 1414 1454 et
1441 1418 1732 1472 praeparatus
1765 1425 1849 1456 eos

429 1496 702 1533 constanter
727 1486 1030 1551 exspectabat
1047 1524 1059 1547 ‚
1085 1502 1364 1549 quanquam
1393 1485 1736 1549 congrediendi
1757 1503 1846 1550 pu-

430 1563 703 1627 gnandique
742 1566 1042 1628 propositum
1082 1563 1373 1627 accepissent
1396 1600 1408 1620 ‚
1460 1572 1648 1609 mutato
1688 1572 1848 1610 tamen

431 1641 632 1687 consilio
652 1677 663 1699 ‚
695 1642 816 1705 regis
848 1642 969 1688 sama
994 1641 1354 1704 constantiaque
1386 1649 1528 1703 atque
1550 1640 1849 1688 animositate

431 1717 678 1774 deterriti,
724 1735 888 1766 versus
923 1729 1107 1784 partem
1152 1717 1574 1782 septentrionalem
1611 1734 1723 1764 cum
1759 1735 1847 1765 suo

431 1796 640 1842 exercitu
663 1795 983 1856 diverterunt,
1023 1806 1069 1842 et
1094 1795 1155 1842 ad
1179 1795 1413 1859 oppidum
1435 1794 1683 1857 quoddam
1707 1797 1848 1842 mari·
1883 1825 1890 1831 ·

433 1873 620 1931 timum,
645 1873 936 1938 appellatum
957 1872 1203 1930 Brzlrtale³‚
1230 1881 1567 1936 pervenerunt,
1591 1870 1723 1917 dives
1741 1873 1848 1935 qui-

432 1948 543 1995 dem
565 1959 613 1995 et
630 1949 911 2013 opulentum
935 1959 1077 2012 atque
1102 1947 1357 1994 munitum.
1385 1949 1438 1993 In
1461 1963 1558 2010 quo
1581 1963 1691 1993 cum
1715 1950 1847 1996 auxi·

431 2026 497 2073 lio
513 2036 560 2073 et
578 2026 819 2073 favoribus
830 2024 1153 2090 quorumdam
1170 2024 1343 2088 recepti
1357 2024 1569 2083 fuissent,
1589 2024 1650 2071 ab
1663 2024 1843 2071 eisdem

433 2103 543 2149 viris
566 2104 783 2167 pecuniis
821 2113 868 2150 et
889 2112 1161 2149 commeatu
1186 2101 1440 2148 confortati
1462 2101 1723 2165 plurimum
1744 2101 1845 2149 fue·

432 2190 546 2226 runt
568 2190 615 2226 et
636 2180 801 2243 adjuti.
825 2180 1092 2244 Resumptis
1108 2180 1249 2242 igitur
1269 2178 1440 2225 talibus
1458 2178 1636 2226 solatiis
1654 2178 1842 2239 animis,

432 2259 604 2306 iterum
621 2257 964 2320 congrediendi
984 2274 1095 2304 cum
1116 2256 1340 2304 Edoardo
1361 2267 1404 2303 et
1427 2256 1554 2303 bello
1571 2255 1846 2302 decertandi

433 2337 684 2384 consilium
720 2345 1023 2399 acceperunt.
1070 2335 1214 2393 Quod
1245 2344 1295 2381 ut
1325 2335 1557 2393 facerent,
1600 2333 1845 2397 praefatum

431 2413 664 2479 oppidum
700 2414 962 2468 exiverunt,
991 2422 1037 2459 et
1070 2412 1131 2459 ad
1162 2412 1324 2458 locum
1354 2427 1529 2458 novem
1564 2410 1844 2458 milliaribus

432 2491 492 2538 ab
522 2507 581 2538 eo
618 2490 874 2537 distantem
898 2506 947 2536 se
980 2489 1295 2547 conferentes,
1326 2504 1378 2534 11.
1407 2487 1485 2534 die
1506 2488 1683 2534 mensis
1708 2488 1840 2547 maii,

431 2568 592 2616 locum
607 2568 702 2615 illic
723 2584 813 2632 pro
832 2567 993 2614 castris
1016 2576 1063 2613 et
1083 2566 1306 2613 conflictu
1331 2565 1626 2629 delegerunt.

486 2693 526 2729 1.
556 2689 664 2730 Bath.

486 2752 524 2788 2.
557 2750 739 2788 Dix-huit
762 2750 885 2789 milles
907 2745 1065 2802 anglais.

487 2812 522 2848 3.
553 2809 705 2849 Bristol.
