2054 3470
718 325 865 362 LIBER
890 323 1107 360 TERTIUS.
1536 327 1612 364 237

274 431 394 476 Cum
412 437 567 475 autem
585 425 710 473 idem
734 426 946 487 nuntius,
973 426 1207 473 dictarum
1229 426 1417 490 bajulus
1439 427 1613 475 littera-

208 522 334 565 rum,
351 503 582 570 oppidum
599 502 820 562 Hemina,
839 504 888 550 in
911 520 1009 567 quo
1033 503 1252 569 praesatus
1273 504 1498 551 dominus
1517 505 1614 552 dux

211 593 311 630 tum
343 599 452 630 cum
485 598 572 628 suo
601 581 828 628 comitatu
862 580 1054 643 agebat,
1080 581 1294 645 quodam
1329 581 1407 628 die
1439 583 1613 629 mensis

209 658 414 707 octobris
428 662 457 719 ¹,
482 658 581 706 sole
603 659 699 723 jam
721 657 782 706 ad
805 674 1028 706 occasum
1050 669 1293 722 vergente,
1319 660 1612 725 propinqua-

207 749 303 800 ret,
325 755 407 786 seu
430 737 615 784 sceleris
639 737 885 784 atrocitate
909 737 1205 801 perterritus,
1226 754 1307 784 seu
1331 737 1419 785 alia
1447 739 1614 802 quavis

207 815 388 863 ratione
420 824 502 862 aut
534 814 808 862 necessitate
842 813 1143 879 compulsus,
1178 814 1333 862 noluit
1366 815 1428 862 ad
1456 816 1612 881 ipsum

207 891 462 958 oppidum,
485 891 594 939 licet
624 892 672 938 in
704 891 875 939 eodem
908 892 1009 940 sore
1039 892 1178 939 sciret
1207 892 1340 939 illum
1370 892 1431 940 ad
1469 910 1613 957 quem

205 969 377 1018 litteras
395 980 442 1018 et
462 971 686 1017 nuntium
707 969 1046 1017 insinuandum
1076 969 1340 1031 deferebat,
1363 970 1609 1031 accedere;

204 1045 287 1093 sed
310 1046 430 1094 forte
453 1056 641 1112 reperto
672 1047 781 1094 satis
810 1064 962 1112 prope
994 1046 1228 1112 oppidum
1260 1046 1473 1111 quodam
1507 1065 1614 1095 rus-

203 1123 323 1184 tico,
360 1125 442 1190 qui
475 1125 559 1172 illo
590 1124 816 1190 pergebat
846 1134 894 1172 et
928 1142 979 1172 se
1017 1124 1296 1172 bastardum
1333 1125 1613 1189 Burgundiae

202 1203 447 1266 cognitum
460 1202 639 1250 habere
654 1201 857 1262 dicebat,
871 1201 1048 1249 litteras
1066 1203 1109 1249 ei
1125 1202 1184 1250 ad
1205 1219 1316 1249 eum
1334 1202 1613 1251 deferendas

203 1279 558 1327 commendavit
575 1290 622 1327 et
643 1279 837 1327 tradidit
866 1298 876 1326 ε
905 1279 1146 1327 affirmans
1164 1297 1214 1326 se
1243 1289 1358 1326 tunc
1380 1297 1468 1344 pro
1494 1297 1610 1344 qua—

204 1356 317 1404 dam
346 1357 457 1405 satis
477 1357 627 1405 ardua
646 1357 842 1404 materia
869 1374 1060 1404 necesse
1081 1356 1258 1404 habere
1280 1357 1341 1404 ad
1363 1359 1613 1405 Sanctum-

204 1433 525 1482 Odomarum²
546 1435 788 1482 celerrime
808 1434 1064 1499 proficisci,
1094 1444 1143 1481 et
1169 1444 1423 1499 propterea
1445 1435 1611 1482 Hesdi-

203 1526 322 1557 num
343 1511 528 1574 ingredi
550 1521 663 1558 tunc
683 1512 880 1559 minime
902 1527 1057 1576 posse.

272 1589 486 1636 Rusticus
514 1599 697 1648 autem,
723 1588 952 1653 susceptis
979 1588 1165 1646 litteris,
1194 1588 1352 1636 statim
1378 1598 1430 1635 ut
1451 1589 1500 1635 in
1524 1605 1613 1654 op-

202 1665 318 1730 pido
349 1666 458 1727 fuit,
494 1683 572 1714 eas
601 1666 801 1714 domino
826 1667 1078 1726 Antonio³‚
1104 1666 1246 1713 etiam
1279 1666 1484 1715 naturali
1514 1667 1612 1714 filio

203 1741 415 1790 defuncti
442 1743 648 1808 Philippi
680 1753 727 1790 et
754 1759 980 1806 germano
1014 1743 1157 1790 etiam
1191 1743 1413 1790 moderni
1446 1743 1608 1805 ducis,

202 1820 515 1884 praesentavit.
544 1820 637 1877 Qui
667 1836 779 1867 cum
800 1836 878 1867 eas
901 1820 1150 1885 recepisset
1179 1829 1324 1884 atque
1353 1821 1614 1885 aperuisset

204 1906 251 1945 et
271 1897 473 1962 legisset,
493 1897 622 1963 apud
640 1914 689 1944 se
708 1914 879 1961 magna
896 1898 1209 1945 admiratione
1227 1897 1454 1963 suspendi
1472 1900 1614 1963 coepit

204 1975 435 2040 quidnam
483 1976 644 2023 arcani
666 1998 701 2036 ,¹
730 1975 819 2022 sub
865 1975 1122 2023 verborum
1176 1976 1505 2039 integumento
1562 1977 1611 2022 in

205 2052 383 2100 eisdem
418 2054 656 2114 contenti,
696 2062 947 2117 tegeretur.
978 2051 1122 2111 Quod
1153 2052 1383 2118 suspicari
1415 2053 1611 2100 minime

203 2130 384 2191 valens,
422 2131 582 2178 statim
613 2130 745 2194 quod
780 2147 879 2177 non
909 2130 970 2177 ad
993 2146 1070 2190 se,
1096 2129 1180 2176 sed
1204 2129 1265 2177 ad
1288 2130 1575 2177 Balduinum
1593 2166 1608 2189 ,

204 2205 479 2256 bastardum
508 2207 784 2272 praefatum,
810 2207 1040 2255 deberent
1067 2207 1228 2271 dirigi,
1256 2207 1492 2271 conjicere
1516 2225 1610 2255 coe-

203 2283 302 2347 pit;
332 2301 444 2332 nam
466 2285 802 2350 superscriptio
826 2285 1030 2331 exterius
1050 2293 1234 2331 tantum
1257 2283 1464 2332 habebat
1491 2306 1513 2328 «
1539 2285 1610 2332 Ad

205 2359 454 2409 dominum
473 2362 751 2409 bastardum
768 2361 1067 2425 Burgundiae,
1088 2380 1111 2405 »
1134 2362 1217 2425 qui
1239 2361 1402 2409 titulus
1420 2364 1610 2428 utrique

206 2439 520 2486 communiter
542 2438 683 2502 vulgo
707 2437 912 2485 adscribi
934 2437 1132 2485 solebat.

260 2585 297 2620 1.
328 2584 503 2636 Corrigez
529 2585 750 2631 novembris,
778 2583 962 2635 puisque,
991 2582 1098 2621 selon
1123 2582 1160 2620 le
1185 2582 1260 2621 duc
1283 2582 1332 2621 de
1356 2585 1607 2636 Bourgogne‚

204 2644 299 2680 Jean
325 2641 373 2680 de
398 2643 536 2681 Chassa
560 2643 721 2695 expedia
744 2656 813 2681 son
837 2643 991 2680 homme
1015 2659 1029 2675 «
1050 2655 1102 2680 un
1124 2641 1214 2689 jour
1238 2655 1287 2680 ou
1314 2643 1418 2681 deux
1438 2652 1554 2680 avant
1573 2644 1609 2680 la

207 2701 472 2741 saint-Martin
489 2703 653 2741 d'hiver.
672 2719 689 2737 υ

260 2762 298 2798 2.
328 2761 585 2800 Saint-Omer.

261 2821 297 2858 3.
327 2823 380 2859 Le
403 2820 690 2859 Grand-batard
711 2821 759 2858 de
775 2823 1017 2872 Bourgogne.
