2054 3470
793 317 938 353 LIBER
962 317 1162 354 PRIMUS.
1632 318 1681 353 73

279 409 429 457 natim
456 405 758 455 ecclesiarum
788 402 1010 469 praelatis,
1036 419 1098 449 ne
1125 400 1318 450 alicubi¹
1349 401 1471 449 feras
1502 403 1683 467 aliquas

280 486 442 534 venari
461 483 536 531 vel
557 482 708 530 facere
731 481 895 528 venari
920 480 1174 541 auderent,
1201 495 1508 544 quocumque
1534 481 1682 528 modo

281 564 356 612 vel
382 563 531 610 forma
556 559 607 608 id
635 558 737 607 fieri
764 558 950 624 possit'.
985 556 1291 623 Praecipiebat
1318 557 1431 604 item
1460 556 1685 604 omnibus

280 640 532 708 praedictis,
562 638 646 703 qui
672 637 854 702 plagas,
888 636 1004 683 retia
1028 637 1106 683 vel
1132 636 1329 700 laqueos
1357 652 1686 700 quoscumque

281 716 548 766 venatorios
582 714 840 771 haberent,
872 723 1108 778 quatenus
1140 712 1263 760 infra
1284 712 1386 760 dies
1411 712 1686 777 quindecim

281 803 388 860 post
418 792 788 858 publicationem
815 791 976 852 edicti,
1008 790 1204 838 eosdem
1231 790 1470 837 deferrent
1498 807 1579 838 seu
1605 790 1687 838 de-

281 871 389 919 ferri
419 870 626 917 facerent
658 869 719 917 ad
750 869 952 917 ballivos
986 869 1084 916 sive
1117 867 1400 915 senescallos
1440 867 1684 929 locorum,

280 947 370 996 sub
407 947 576 995 eadem
604 964 699 1012 qua
727 948 861 1012 prius
894 961 1094 994 censura
1121 955 1168 992 et
1190 962 1350 1011 poena.
1377 945 1564 1004 Quibus
1586 945 1689 994 bal-

280 1024 384 1072 livis
402 1035 547 1090 atque
563 1023 829 1073 senescallis
846 1023 1180 1085 mandabatur,
1199 1022 1332 1087 quod
1352 1024 1515 1071 omnia
1532 1022 1692 1088 hujus-

281 1103 411 1151 modi
452 1103 573 1150 retia
600 1111 648 1149 et
677 1102 812 1150 funes
851 1119 935 1150 seu
963 1101 1430 1166 laqueos-protinus,
1463 1111 1692 1166 tanquam

281 1179 525 1228 haereticos
545 1179 777 1244 relapsos,
803 1180 911 1244 igne
933 1180 1238 1226 cremarent³.

345 1260 404 1304 Et
442 1273 504 1304 ne
540 1257 748 1305 fortassis
793 1257 1021 1304 aestimare
1060 1256 1265 1304 ministri
1309 1265 1356 1304 et
1399 1266 1696 1304 exsecutores

283 1332 560 1397 hujusmodi
578 1333 916 1381 mandatorum
936 1343 1153 1399 possent,
1180 1351 1237 1382 ea
1257 1350 1427 1399 parum
1450 1334 1548 1398 regi
1571 1350 1696 1382 curae

284 1419 366 1458 aut
387 1426 487 1457 non
505 1410 598 1457 alte
617 1412 780 1458 animo
803 1427 891 1458 suo
915 1411 1059 1457 infixa
1081 1420 1129 1457 et
1149 1411 1377 1476 impressa
1397 1410 1516 1470 fore,
1542 1420 1590 1458 et
1610 1427 1698 1476 per

286 1486 385 1534 haec
407 1488 618 1534 mitiores
647 1489 720 1535 vel
744 1488 986 1552 segniores
1013 1489 1062 1534 in
1088 1487 1371 1535 eorumdem
1394 1489 1698 1559 exsecutione

288 1568 610 1629 efficerentur,
635 1570 836 1634 ipsemet
855 1570 905 1616 in
929 1569 1079 1616 domo
1100 1568 1396 1617 honorabilis
1428 1570 1613 1618 domini
1638 1569 1699 1617 de

341 1697 378 1733 1.
411 1690 541 1732 Alie-‘ui
558 1693 652 1732 dans
668 1694 706 1732 le
727 1707 798 1733 ms.

339 1755 378 1791 2.
409 1755 463 1791 Le
481 1761 581 1791 texte
602 1753 650 1791 de
671 1761 769 1792 cette
791 1753 1039 1793 ordonnance
1059 1752 1230 1793 fameuse
1243 1784 1254 1804 ,
1276 1754 1343 1805 qui
1364 1753 1490 1806 pau-ait
1515 1754 1625 1793 avoir
1641 1755 1701 1794 ete

286 1811 492 1864 rapportce
519 1812 632 1864 apres
654 1812 692 1850 la
716 1825 854 1864 guerre
877 1812 929 1850 du
956 1811 1047 1851 bien
1069 1812 1225 1863 public,
1254 1816 1318 1851 n’a
1343 1826 1413 1865 pas
1434 1813 1495 1852 ete
1519 1814 1702 1853 retrouve'

282 1872 461 1923 jusqu'ici
482 1888 494 1921 3
521 1872 617 1910 mais
640 1871 667 1910 il
690 1886 715 1923 y
739 1885 761 1909 a
789 1885 844 1910 un
868 1872 946 1910 edit
970 1871 1020 1909 du
1047 1874 1091 1909 11
1121 1872 1204 1920 juin
1235 1874 1338 1911 1463
1356 1902 1367 1920 ‚
1395 1873 1521 1912 rendu
1550 1886 1627 1926 peu
1655 1873 1703 1912 de

287 1939 409 1982 temps
438 1932 550 1983 apres
567 1960 578 1979 ‚
610 1931 678 1982 qui
711 1931 798 1969 leve
828 1931 865 1970 la
893 1931 1129 1983 prohibition
1157 1945 1207 1970 en
1236 1932 1372 1970 faveur
1399 1932 1467 1971 des
1493 1932 1628 1971 nobles
1650 1933 1704 1971 du

287 1990 491 2042 Dauphine
503 2019 514 2036 ,
538 1989 830 2029 anciennement
850 1990 1011 2028 investis
1029 1990 1082 2028 du
1103 1990 1203 2029 droit
1221 1990 1270 2029 de
1288 1991 1421 2030 chasse
1444 2001 1482 2030 et
1498 1992 1546 2030 de
1565 1992 1702 2044 peche,

288 2056 326 2087 et
345 2049 448 2087 aussi
466 2062 517 2088 en
542 2050 677 2088 saveur
702 2049 751 2088 de
778 2057 902 2088 toutes
926 2050 982 2088 les
1004 2059 1133 2089 autres
1159 2064 1369 2103 personnes
1389 2051 1441 2090 du
1462 2054 1590 2090 meme
1610 2065 1705 2105 pays

288 2107 377 2158 qui,
405 2117 639 2160 moyennant
669 2110 818 2148 finance
835 2141 845 2158 ,
867 2110 1022 2148 avaient
1044 2109 1128 2158 joui
1153 2123 1224 2162 par
1247 2111 1284 2149 le
1311 2112 1420 2163 passe
1446 2111 1494 2150 de
1517 2112 1555 2150 la
1580 2114 1705 2151 meme

289 2167 545 2219 prerogative.
570 2172 624 2207 Le
643 2169 889 2207 considerant
914 2169 962 2207 de
987 2178 1084 2208 cette
1106 2170 1241 2208 faveur
1260 2170 1350 2208 saite
1369 2184 1446 2209 aux
1467 2171 1707 2222 Dauphinois

291 2233 346 2264 est
363 2227 570 2279 singulier:
595 2228 688 2267 c’est
710 2246 727 2263 α
747 2242 847 2280 pour
865 2243 908 2267 ce
926 2231 1014 2280 qu’a
1035 2230 1239 2268 l'occasion
1259 2230 1447 2270 desdictes
1466 2231 1641 2270 defenses
1658 2231 1707 2270 de

291 2284 458 2335 chasser,
486 2287 535 2325 ilz
562 2288 632 2337 (les
658 2288 914 2340 Dauphinois)
942 2289 1176 2328 deviennent
1199 2291 1361 2341 oyseulx
1379 2300 1417 2329 et
1435 2305 1521 2330 sans
1538 2305 1707 2343 occupa-

291 2343 391 2383 cion.
414 2363 431 2380 x·
454 2349 736 2395 (Ordormances
762 2351 828 2387 des
854 2352 928 2387 rois
951 2352 999 2387 de
1015 2354 1184 2399 France,
1207 2360 1234 2390 t.
1255 2354 1366 2400 XVI,
1389 2366 1430 2403 p.
1454 2354 1472 2390 1
1485 2356 1511 2402 .)
1529 2353 1708 2391 D’autres

293 2405 533 2456 exceptions,
553 2408 648 2446 mais
672 2408 946 2447 individuelles
959 2440 969 2457 ‚
993 2410 1120 2448 furent
1138 2411 1343 2450 accordees
1366 2411 1462 2450 dans
1480 2411 1517 2450 le
1536 2421 1634 2451 reste
1656 2412 1707 2450 du

293 2474 489 2512 royaume.
514 2465 637 2516 Ainsi,
657 2466 694 2505 le
712 2469 763 2505 25
779 2467 934 2515 janvier
953 2470 1057 2506 1465
1071 2498 1082 2516 ‚
1108 2469 1145 2507 le
1164 2469 1345 2522 seigneur
1362 2470 1412 2508 de
1428 2471 1592 2522 RaziHy,
1614 2471 1709 2509 dans

296 2520 331 2559 le
345 2521 504 2562 chateau
524 2525 667 2576 duquel
689 2526 725 2564 le
744 2527 803 2565 roi
821 2527 924 2565 avait
940 2528 1120 2575 sejourne
1139 2529 1307 2580 quelque
1326 2538 1464 2582 temps,
1485 2539 1593 2581 recut
1610 2543 1710 2582 pour

296 2579 350 2617 lui
368 2589 406 2618 et
421 2595 463 2620 sa
482 2585 681 2634 posteriue,
707 2585 744 2623 le
765 2586 867 2624 droit
884 2586 933 2625 de
951 2587 1106 2626 chasser
1124 2588 1160 2626 le
1184 2588 1290 2640 lapin
1312 2591 1334 2627 Ξι
1355 2603 1495 2628 courre
1513 2598 1551 2628 et
1569 2591 1590 2627 a
1613 2589 1709 2627 filets

301 2656 318 2672 «ι
341 2651 391 2678 en
413 2653 472 2679 ses
487 2642 654 2692 jardins,
674 2646 890 2685 couldroies
912 2655 949 2685 et
970 2657 1270 2699 appartenances
1291 2649 1343 2687 du
1363 2649 1541 2687 domaine
1563 2649 1611 2686 de
1629 2651 1710 2686 Ra-

298 2696 402 2749 zilly,
421 2716 438 2732 „
461 2701 556 2739 dans
571 2716 625 2740 un
644 2717 765 2757 rayon
780 2705 828 2743 de
844 2706 911 2744 dix
929 2719 1069 2758 arpens
1088 2716 1228 2746 autour
1244 2708 1353 2746 dudit
1367 2709 1528 2747 manoir.
1551 2712 1640 2746 Mss.
1662 2707 1710 2745 de

299 2758 334 2796 la
356 2758 455 2798 Bibl.
480 2759 574 2811 imp.
597 2763 794 2802 collection
811 2769 864 2804 D.
888 2769 1095 2813 Housseau,
1111 2776 1141 2806 t.
1162 2771 1253 2816 XII,
1271 2782 1312 2807 n.
1335 2770 1454 2806 7518.

354 2821 391 2857 3.
410 2819 466 2857 Cf.
482 2819 710 2868 Chastelain,
723 2824 843 2873 partie
851 2825 974 2873 11‚ch.
986 2835 1141 2873 xxx1‚et
1150 2830 1313 2877 Jacques
1323 2826 1564 2877 Duclercq,l.
1575 2828 1663 2874 V‚c.
1677 2841 1707 2865 1.
1770 2810 1773 2812 -
