2054 3470
725 321 871 360 LIBER
897 321 1165 361 SECUNDUS.
1480 291 1494 308 x
1576 325 1653 362 157

245 411 445 460 militem
463 415 501 472 ¹,
521 420 566 458 et
595 409 855 458 Cardinum
876 408 960 456 des
977 412 1152 456 Essars
1166 446 1178 468 ,
1206 408 1419 457 nobilem
1444 412 1650 475 virum';

241 489 509 554 imprecans
527 504 613 552 per
634 486 829 534 eosdem
858 486 1098 534 dictorum
1117 487 1390 552 principum
1415 489 1586 537 auxilia
1608 501 1655 539 et

241 565 386 615 fidem
404 566 455 613 in
476 581 562 613 sua
582 574 790 612 extrema
813 564 1089 612 necessitate
1102 565 1132 611 ³.

306 643 400 692 Sed
436 654 575 703 cum,
617 658 707 706 pro
745 650 988 707 tempore,
1029 641 1201 690 auxilia
1230 643 1430 692 minima
1466 645 1654 694 mittere

239 737 379 787 posse
412 737 462 768 se
493 729 794 782 excusarent,
821 736 880 767 eo
915 718 1049 783 quod
1082 719 1237 767 dictus
1275 721 1468 769 illustris
1490 739 1654 772 comes

240 815 348 846 suas
377 798 538 863 copias
561 798 608 845 in
643 798 777 845 terris
810 797 1143 852 Leodiensium
1159 833 1172 856 ‚
1205 797 1293 845 sibi
1326 799 1654 848 infestissimo-

238 892 345 923 rum
378 875 615 936 hostium,
653 876 918 938 eduxisset,
959 875 1133 941 quibus
1163 886 1280 923 tunc
1313 876 1451 925 valde
1488 894 1653 926 neces-

240 954 366 1002 sario
414 954 677 1019 indigeret,
722 955 874 1019 rogati
915 964 1026 1002 sunt
1059 954 1202 1002 etiam
1244 964 1298 1001 ut
1340 971 1427 1020 per
1471 955 1652 1020 legatos

236 1049 395 1097 regem
424 1049 735 1080 commonere
772 1032 974 1092 vellent,
1009 1042 1245 1096 quatenus
1278 1035 1647 1097 Normanniam,

238 1109 370 1158 fratri
391 1127 482 1158 suo
505 1110 665 1159 datam
682 1146 695 1170 ,
718 1109 955 1158 dimittere
973 1110 1137 1168 vellet,
1161 1111 1540 1176 promissamque
1562 1112 1652 1160 sibi

236 1197 284 1235 et
306 1189 485 1237 caeteris
518 1187 812 1254 principibus
837 1189 1079 1251 sanguinis
1102 1189 1174 1236 sui
1196 1199 1244 1236 et
1268 1190 1474 1253 juratam
1505 1189 1652 1238 fidem

236 1268 435 1315 minime
462 1268 658 1316 violare.
690 1267 835 1325 Quod
868 1267 905 1314 si
936 1268 1232 1333 praetendere
1259 1285 1341 1316 rex
1376 1268 1540 1331 vellet,
1576 1269 1651 1317 vel

236 1361 338 1392 non
382 1362 566 1410 aequam
601 1346 702 1393 sore
738 1345 1046 1411 partitionem
1081 1345 1141 1393 de
1181 1347 1473 1394 Normannia
1502 1363 1650 1411 quam

240 1424 386 1470 unico
408 1423 494 1470 sibi
528 1424 658 1471 sratri
684 1440 775 1488 pro
793 1433 928 1488 parte
952 1440 1035 1471 sua
1053 1422 1350 1472 baireditaria
1371 1425 1645 1489 assignarat,

236 1500 311 1548 vel
344 1502 569 1550 eumdem
594 1502 643 1548 in
677 1519 790 1550 eum
822 1502 1002 1565 aliquid
1026 1502 1268 1549 admisisse
1294 1513 1492 1567 propter
1516 1503 1650 1567 quod

238 1594 294 1626 ea
316 1578 557 1643 indignus,
584 1580 657 1627 vel
688 1579 895 1644 legitime
926 1579 1186 1644 privandus
1217 1580 1401 1627 censeri
1423 1579 1645 1639 deberet,

235 1654 466 1703 offerebat
492 1657 619 1704 idem
643 1657 739 1704 dux
774 1657 1105 1716 Normanniae,
1143 1673 1306 1705 coram
1340 1674 1450 1721 rege
1467 1673 1648 1705 convo-

233 1734 350 1781 catis
372 1743 420 1781 et
436 1734 751 1782 assidentibus
780 1734 977 1783 Paribus
1003 1736 1236 1795 Franciae,
1260 1735 1357 1798 juri
1380 1735 1541 1783 sistere
1565 1751 1648 1782 eo-

229 1823 432 1873 rumque
453 1809 653 1857 decretis
671 1810 872 1857 omnino
898 1826 1063 1875 parere
1083 1810 1221 1857 velle.

297 1888 454 1944 Quam
487 1886 831 1934 humanitatem
863 1886 1139 1951 hujusmodi
1169 1887 1409 1952 principes
1446 1886 1649 1934 libentes

239 1974 599 2027 concesserunt,
621 1965 861 2013 mittentes
882 1975 1080 2030 propter
1102 1965 1197 2012 hoc
1213 1965 1435 2014 divarsim
1452 1975 1497 2012 et
1520 1965 1647 2029 sigil-

233 2040 393 2103 latim,
419 2052 516 2090 tam
550 2052 685 2107 pater
715 2058 860 2107 quam
892 2041 1016 2089 filius
1044 2059 1186 2104 suus,
1219 2059 1332 2090 suos
1358 2043 1566 2106 legatOS,
1601 2052 1649 2090 et

235 2119 492 2167 scribentes
519 2130 617 2167 tam
639 2119 701 2167 ad
723 2136 882 2183 regem
908 2136 1054 2184 quam
1076 2119 1138 2167 ad
1157 2130 1351 2167 caeteros
1380 2120 1643 2185 principes,

239 2197 434 2245 eosdem
458 2197 679 2245 obnixius
703 2198 919 2262 rogando
944 2208 991 2246 et
1014 2198 1302 2262 requirendo
1326 2209 1563 2264 quatenus
1581 2199 1645 2246 ita

168 2274 175 2279 ’
236 2273 387 2322 facere
404 2276 604 2334 vellent,
622 2285 669 2323 et
684 2276 811 2323 viam
825 2276 946 2340 juris
961 2275 1209 2340 amplecti,
1233 2277 1406 2341 rejecta
1423 2277 1500 2323 via
1515 2276 1642 2323 facti.

233 2350 326 2398 Sed
339 2351 674 2416 hujuscemodi
691 2369 859 2400 eorum
874 2352 1094 2418 precibus
1113 2370 1215 2416 rex,
1237 2354 1646 2419 opportunitatem

237 2430 526 2494 exsequendi
560 2448 665 2496 quae
700 2440 985 2496 conceperat
1012 2440 1180 2478 nactus
1212 2432 1372 2496 (juxta
1405 2448 1461 2479 ea
1489 2448 1594 2495 quae
1618 2447 1645 2477 a

221 2504 578 2556 -Mediolanensi
607 2509 730 2556 duce
762 2508 850 2556 sibi
887 2508 1027 2556 fuisse
1059 2509 1277 2557 consulta
1303 2526 1446 2575 supra
1480 2509 1642 2555 retuli-

237 2582 396 2647 mus),
429 2601 529 2632 non
560 2584 822 2632 obaudivit.
866 2586 962 2643 Qui
994 2587 1153 2634 statim
1184 2597 1440 2651 postquam
1471 2594 1645 2632 statum

288 2702 306 2738 1
318 2730 326 2737 .
364 2702 508 2740 Brunet
525 2702 573 2741 de
590 2703 854 2757 Longchamp‚
874 2704 1066 2744 chevalier
1082 2705 1286 2747 normand.

290 2762 328 2798 2.
362 2761 503 2800 Cardin
522 2762 590 2801 des
607 2765 768 2813 Essarts‚
786 2764 940 2815 ecuyer.

292 2822 329 2860 3.
360 2822 452 2860 Voir
470 2820 692 2873 l’Apologie,
713 2823 740 2861 1.
762 2826 794 2872 1,
818 2837 852 2861 c.
874 2837 945 2863 vu.
