2054 3470
420 354 497 393 132
787 351 1130 390 HISTORIARUM
1157 352 1393 391 LUDOVICI
1419 353 1477 391 XI

420 441 717 490 madvertere
741 441 1062 506 permisisset)
1091 451 1251 489 custos
1284 451 1330 488 et
1365 450 1626 507 protector,
1651 441 1831 507 absque

416 519 579 585 aliquo
614 535 784 566 eorum
811 529 1005 584 sumptu
1039 519 1114 567 vel
1140 519 1441 583 gravamine,
1481 518 1580 566 dux
1612 522 1830 584 Burgun-

415 596 619 644 dionum
656 604 771 643 erat.
804 598 926 643 Cum
953 613 1050 660 quo
1080 596 1119 643 si
1151 597 1201 643 in
1222 613 1339 662 pace
1361 611 1643 661 permanere
1667 597 1830 645 scivis-

413 685 518 723 sent
538 709 551 735 ,
593 673 751 721 nullus
771 710 783 732 ‚
821 673 911 720 nisi
945 672 1102 720 fractis
1135 673 1235 738 ejus
1256 674 1465 739 primum
1487 674 1828 740 prostratisque

410 751 607 812 viribus,
637 751 721 815 qui
742 759 844 797 tum
866 749 1087 816 princeps
1109 752 1465 816 potentissimus
1485 760 1603 808 erat,
1628 751 1826 800 eosdem

407 830 458 877 in
479 828 608 876 dicta
624 844 709 875 sua
724 826 1063 891 tranquillitate
1082 837 1128 874 et
1143 844 1261 893 pace
1275 827 1553 894 perturbare
1570 828 1820 894 potuisset.

411 910 559 955 Erant
587 906 718 954 enim
747 921 805 953 ex
837 905 971 952 omni
1000 905 1148 953 ferme
1179 916 1314 971 parte
1347 906 1483 953 terris
1517 916 1565 953 et
1600 906 1826 954 dominiis

408 986 505 1034 suis
523 983 853 1048 circumsepti,
874 982 937 1030 ad
953 999 1130 1047 eosque
1146 984 1222 1031 vix
1239 983 1323 1031 ulli
1339 983 1484 1046 hosti,
1509 985 1601 1031 nisi
1612 985 1824 1050 primum

405 1064 664 1129 irrupisset·
696 1062 822 1127 ipsas
873 1061 1271 1126 Burgundionum
1317 1071 1495 1125 terras,
1537 1063 1823 1128 penetrandi

404 1141 603 1189 facultas
625 1156 727 1188 esse
747 1147 950 1205 poterat.
989 1138 1241 1187 Habebant
1268 1149 1427 1188 autem
1457 1157 1573 1188 cum
1594 1144 1822 1205 Burgun-

405 1219 607 1266 dionum
644 1217 767 1265 duce
805 1216 984 1264 foedera
1015 1217 1116 1281 jam
1148 1217 1346 1281 antiqua
1371 1254 1384 1279 ,
1427 1219 1736 1266 sacramentis
1771 1229 1821 1268 et

404 1297 589 1360 magnis
628 1311 881 1361 poenarum
914 1293 1263 1357 adjectionibus
1295 1294 1554 1357 roborata;
1593 1312 1700 1360 quae
1746 1296 1821 1343 ni—

403 1373 556 1420 mium
572 1383 749 1421 temere
768 1381 815 1420 et
830 1371 1032 1438 perfide,
1052 1372 1112 1420 de
1124 1372 1301 1436 junctis
1320 1372 1609 1437 quibusdam
1624 1389 1821 1439 parum-

399 1467 493 1514 que
526 1448 634 1497 fidis
664 1448 1065 1516 promissionibus
1099 1449 1303 1510 confisi,
1336 1460 1567 1498 temerare
1599 1467 1822 1517 praesum-

397 1537 614 1593 pserunt.
630 1531 680 1575 [n
698 1538 846 1575 terras
857 1528 1001 1591 igitur
1013 1543 1068 1575 ac
1082 1526 1297 1575 subditos
1310 1527 1489 1593 praefati
1502 1527 1820 1594 potentissimi

400 1605 535 1653 ducis
559 1605 663 1670 (qui
695 1606 967 1653 nullatenus
1000 1621 1084 1652 eos
1119 1606 1356 1671 impetens
1388 1622 1472 1653 seu
1518 1606 1816 1670 inquietans,

398 1693 645 1750 protector
661 1693 708 1731 et
724 1684 937 1750 clypeus,
962 1693 1016 1730 ut
1037 1683 1259 1744 diximus,
1285 1701 1380 1731 suae
1399 1684 1750 1749 tranquillitatis
1771 1695 1820 1733 et

397 1764 540 1809 tantae'
562 1760 789 1809 libertatis
831 1761 972 1825 gratis
1004 1769 1052 1807 et
1072 1760 1174 1808 sine
1197 1770 1394 1826 sumptu
1416 1761 1538 1826 erat)
1561 1762 1813 1824 irruentes,

397 1839 524 1903 ipsas
545 1839 655 1903 igne
679 1839 901 1903 ferroque
916 1837 1180 1886 vastabant.

463 1920 575 1965 Erat
600 1928 704 1966 tum
732 1917 979 1976 Brucellae,
1013 1916 1275 1963 Brabantiae
1297 1916 1449 1964 nobili
1471 1915 1680 1982 oppido,
1714 1916 1817 1982 ipse

400 1993 591 2041 illustris
631 1994 879 2059 Philippus
924 1993 1324 2057 Burgundionum
1366 1993 1480 2042 dux.
1518 1994 1614 2051 Qui
1649 1993 1816 2041 videns

397 2070 619 2136 populari
640 2071 736 2118 hoc
758 2070 906 2118 modo
930 2080 1078 2118 terras
1102 2086 1210 2117 suas
1241 2087 1448 2135 suosque
1470 2070 1688 2118 subditos
1711 2086 1816 2135 gra·

397 2148 518 2195 viter
551 2148 721 2212 affligi,
761 2148 920 2195 statim
952 2164 1097 2212 quam
1125 2148 1310 2213 potuit,
1351 2164 1409 2195 ex
1430 2146 1676 2196 nobilitate
1709 2164 1815 2214 quae

395 2225 587 2273 residua
606 2242 759 2291 prope
784 2242 833 2272 se
860 2225 1061 2273 inveniri
1083 2235 1272 2291 poterat
1289 2225 1424 2290 (nam
1445 2224 1570 2272 filius
1582 2242 1712 2286 suus,
1735 2242 1814 2273 co-

396 2321 498 2352 mes
532 2303 593 2351 de
624 2304 888 2364 Charoloc's,
928 2320 1123 2351 omnem
1156 2320 1292 2369 paene
1322 2302 1622 2351 nobilitatem
1652 2313 1700 2351 et
1727 2304 1814 2351 mi-

393 2382 543 2431 litiam
576 2391 809 2429 terrarum
844 2382 990 2447 patris
1025 2383 1098 2429 sui
1127 2398 1290 2430 secum
1315 2383 1365 2429 in
1387 2382 1634 2429 Franciam
1657 2391 1812 2430 traxe-

394 2459 519 2523 rat),
560 2475 758 2506 manum
794 2459 1004 2523 aliquam
1033 2459 1231 2507 adscivit
1256 2470 1399 2524 atque
1429 2460 1720 2523 aggregavit,
1757 2469 1813 2508 ut

394 2537 530 2584 dictis
567 2536 750 2584 stolidis
798 2546 941 2601 atque
983 2536 1220 2601 fidefragis
1263 2534 1605 2584 Leodiensibus
1658 2535 1817 2584 obsis·-

392 2624 542 2678 teret,
569 2630 833 2678 eorumque
866 2614 1044 2661 sisteret
1068 2613 1308 2661 incendia.
1335 2616 1453 2671 Quae
1478 2629 1676 2676 manus,
1701 2613 1811 2661 licet

389 2709 592 2740 numero
637 2691 749 2739 satis
800 2691 968 2754 exigua
985 2727 998 2752 ,
1038 2692 1181 2739 armis
1226 2700 1386 2738 tamen
1426 2690 1692 2755 animisque
1731 2691 1810 2738 in-

388 2780 593 2830 structa,
630 2778 830 2817 conatus
860 2769 1076 2833 ipsorum
1114 2768 1450 2816 Leodiensium
1485 2785 1542 2816 ex
1568 2777 1702 2834 parte
1731 2778 1807 2815 're-

387 2848 555 2915 pressit
579 2883 594 2910 ,
643 2848 692 2895 in
749 2846 942 2911 suisque
987 2846 1109 2910 agris
1160 2856 1207 2895 et
1251 2845 1374 2894 villis
1419 2845 1642 2893 incendia
1691 2845 1804 2894 mis·
