<?xml version="1.0" encoding="UTF-8"?>
<!DOCTYPE html PUBLIC "-//W3C//DTD XHTML 1.0 Transitional//EN"
    "http://www.w3.org/TR/xhtml1/DTD/xhtml1-transitional.dtd">
<html xmlns="http://www.w3.org/1999/xhtml" xml:lang="en" lang="en">
 <head>
  <title>
</title>
<meta http-equiv="Content-Type" content="text/html;charset=utf-8" />
  <meta name='ocr-system' content='tesseract 3.04.00' />
  <meta name='ocr-capabilities' content='ocr_page ocr_carea ocr_par ocr_line ocrx_word'/>
</head>
<body>
  <div class='ocr_page' id='page_1' title='image "./histoiredesrgn02basiuoft_0395.png"; bbox 0 0 2054 3470; ppageno 0'>
   <div class='ocr_carea' id='block_1_1' title="bbox 757 314 1671 362">
    <p class='ocr_par' dir='ltr' id='par_1_1' title="bbox 757 314 1671 362">
     <span class='ocr_line' id='line_1_1' title="bbox 757 314 1671 362; baseline -0.001 -10"><span class='ocrx_word' id='word_1_1' title='bbox 757 316 904 352; x_wconf 67' lang='lat' dir='ltr'>Lmen</span> <span class='ocrx_word' id='word_1_2' title='bbox 934 314 1185 362; x_wconf 21' lang='lat' dir='ltr'><strong>(QUARTUS.</strong></span> <span class='ocrx_word' id='word_1_3' title='bbox 1602 316 1671 351; x_wconf 77' lang='lat'>311</span> 
     </span>
    </p>
   </div>
   <div class='ocr_carea' id='block_1_2' title="bbox 269 402 1688 1629">
    <p class='ocr_par' dir='ltr' id='par_1_2' title="bbox 269 402 1688 1629">
     <span class='ocr_line' id='line_1_2' title="bbox 334 402 1679 466; baseline -0.002 -15"><span class='ocrx_word' id='word_1_4' title='bbox 334 403 428 452; x_wconf 87' lang='lat' dir='ltr'>Sed</span> <span class='ocrx_word' id='word_1_5' title='bbox 450 420 549 452; x_wconf 92' lang='lat' dir='ltr'>non</span> <span class='ocrx_word' id='word_1_6' title='bbox 573 412 672 451; x_wconf 90' lang='lat' dir='ltr'>erat</span> <span class='ocrx_word' id='word_1_7' title='bbox 693 402 794 450; x_wconf 84' lang='lat' dir='ltr'>haec</span> <span class='ocrx_word' id='word_1_8' title='bbox 822 402 1014 451; x_wconf 84' lang='lat' dir='ltr'>saevior¹</span> <span class='ocrx_word' id='word_1_9' title='bbox 1030 438 1043 461; x_wconf 87' lang='lat'>,</span> <span class='ocrx_word' id='word_1_10' title='bbox 1067 418 1173 466; x_wconf 88' lang='lat' dir='ltr'>quae</span> <span class='ocrx_word' id='word_1_11' title='bbox 1195 411 1364 449; x_wconf 89' lang='lat' dir='ltr'>contra</span> <span class='ocrx_word' id='word_1_12' title='bbox 1386 405 1679 449; x_wconf 84' lang='lat' dir='ltr'><strong>Francorum</strong></span> 
     </span>
     <span class='ocr_line' id='line_1_3' title="bbox 269 479 1681 544; baseline -0.001 -16"><span class='ocrx_word' id='word_1_13' title='bbox 269 482 526 530; x_wconf 83' lang='lat' dir='ltr'>exercitum</span> <span class='ocrx_word' id='word_1_14' title='bbox 547 481 818 541; x_wconf 84' lang='lat' dir='ltr'>dimicaret,</span> <span class='ocrx_word' id='word_1_15' title='bbox 843 479 1096 527; x_wconf 83' lang='lat' dir='ltr'>hostilitaS.</span> <span class='ocrx_word' id='word_1_16' title='bbox 1131 479 1413 544; x_wconf 88' lang='lat' dir='ltr'>Pugnabant</span> <span class='ocrx_word' id='word_1_17' title='bbox 1435 481 1562 527; x_wconf 90' lang='lat' dir='ltr'>enim</span> <span class='ocrx_word' id='word_1_18' title='bbox 1586 480 1681 528; x_wconf 91' lang='lat' dir='ltr'>ele-</span> 
     </span>
     <span class='ocr_line' id='line_1_4' title="bbox 271 556 1681 623; baseline -0.001 -17"><span class='ocrx_word' id='word_1_19' title='bbox 271 569 431 607; x_wconf 87' lang='lat' dir='ltr'>menta</span> <span class='ocrx_word' id='word_1_20' title='bbox 451 567 619 606; x_wconf 86' lang='lat' dir='ltr'>contra</span> <span class='ocrx_word' id='word_1_21' title='bbox 639 574 745 619; x_wconf 87' lang='lat' dir='ltr'>eos,</span> <span class='ocrx_word' id='word_1_22' title='bbox 770 573 826 605; x_wconf 90' lang='lat' dir='ltr'>ac</span> <span class='ocrx_word' id='word_1_23' title='bbox 849 558 1001 605; x_wconf 90' lang='lat' dir='ltr'>multo</span> <span class='ocrx_word' id='word_1_24' title='bbox 1025 556 1132 623; x_wconf 91' lang='lat' dir='ltr'>plus</span> <span class='ocrx_word' id='word_1_25' title='bbox 1154 557 1214 605; x_wconf 89' lang='lat' dir='ltr'>de</span> <span class='ocrx_word' id='word_1_26' title='bbox 1236 558 1350 623; x_wconf 90' lang='lat' dir='ltr'>ipsis</span> <span class='ocrx_word' id='word_1_27' title='bbox 1375 567 1581 622; x_wconf 88' lang='lat' dir='ltr'>stragem</span> <span class='ocrx_word' id='word_1_28' title='bbox 1608 558 1681 606; x_wconf 89' lang='lat' dir='ltr'>fa-</span> 
     </span>
     <span class='ocr_line' id='line_1_5' title="bbox 270 634 1685 700; baseline -0.001 -16"><span class='ocrx_word' id='word_1_29' title='bbox 270 637 458 685; x_wconf 90' lang='lat' dir='ltr'>ciebant</span> <span class='ocrx_word' id='word_1_30' title='bbox 471 635 776 683; x_wconf 84' lang='lat' dir='ltr'>vehementes</span> <span class='ocrx_word' id='word_1_31' title='bbox 793 635 917 683; x_wconf 90' lang='lat' dir='ltr'>illius</span> <span class='ocrx_word' id='word_1_32' title='bbox 933 635 1141 699; x_wconf 86' lang='lat' dir='ltr'>regionis</span> <span class='ocrx_word' id='word_1_33' title='bbox 1152 645 1199 682; x_wconf 91' lang='lat' dir='ltr'>et</span> <span class='ocrx_word' id='word_1_34' title='bbox 1215 651 1349 700; x_wconf 89' lang='lat' dir='ltr'>paene</span> <span class='ocrx_word' id='word_1_35' title='bbox 1362 634 1685 682; x_wconf 82' lang='lat' dir='ltr'>intolerabiles</span> 
     </span>
     <span class='ocr_line' id='line_1_6' title="bbox 271 711 1685 778; baseline -0.001 -16"><span class='ocrx_word' id='word_1_36' title='bbox 271 713 382 762; x_wconf 88' lang='lat' dir='ltr'>solis</span> <span class='ocrx_word' id='word_1_37' title='bbox 401 722 540 761; x_wconf 85' lang='lat' dir='ltr'>aestus</span> <span class='ocrx_word' id='word_1_38' title='bbox 554 748 566 772; x_wconf 93' lang='lat'>,</span> <span class='ocrx_word' id='word_1_39' title='bbox 594 714 678 778; x_wconf 91' lang='lat' dir='ltr'>qui</span> <span class='ocrx_word' id='word_1_40' title='bbox 698 713 821 761; x_wconf 92' lang='lat' dir='ltr'>adeo</span> <span class='ocrx_word' id='word_1_41' title='bbox 844 713 1003 778; x_wconf 90' lang='lat' dir='ltr'>magni</span> <span class='ocrx_word' id='word_1_42' title='bbox 1037 729 1149 759; x_wconf 90' lang='lat' dir='ltr'>cum</span> <span class='ocrx_word' id='word_1_43' title='bbox 1172 711 1316 774; x_wconf 86' lang='lat' dir='ltr'>longa</span> <span class='ocrx_word' id='word_1_44' title='bbox 1342 729 1430 778; x_wconf 91' lang='lat' dir='ltr'>per</span> <span class='ocrx_word' id='word_1_45' title='bbox 1452 712 1685 778; x_wconf 83' lang='lat' dir='ltr'>plurimos</span> 
     </span>
     <span class='ocr_line' id='line_1_7' title="bbox 272 789 1687 854; baseline -0.001 -17"><span class='ocrx_word' id='word_1_46' title='bbox 272 806 454 838; x_wconf 88' lang='lat' dir='ltr'>menses</span> <span class='ocrx_word' id='word_1_47' title='bbox 476 790 684 838; x_wconf 81' lang='lat' dir='ltr'>siccitate</span> <span class='ocrx_word' id='word_1_48' title='bbox 718 790 799 838; x_wconf 93' lang='lat' dir='ltr'>illo</span> <span class='ocrx_word' id='word_1_49' title='bbox 824 807 955 838; x_wconf 89' lang='lat' dir='ltr'>anno</span> <span class='ocrx_word' id='word_1_50' title='bbox 987 805 1122 854; x_wconf 85' lang='lat' dir='ltr'>paene</span> <span class='ocrx_word' id='word_1_51' title='bbox 1144 789 1325 854; x_wconf 89' lang='lat' dir='ltr'>ubique</span> <span class='ocrx_word' id='word_1_52' title='bbox 1347 799 1583 838; x_wconf 87' lang='lat' dir='ltr'>terrarum</span> <span class='ocrx_word' id='word_1_53' title='bbox 1608 807 1687 838; x_wconf 84' lang='lat' dir='ltr'>ex-</span> 
     </span>
     <span class='ocr_line' id='line_1_8' title="bbox 270 867 1684 930; baseline -0.001 -13"><span class='ocrx_word' id='word_1_54' title='bbox 270 869 513 930; x_wconf 87' lang='lat' dir='ltr'>stiterunt,</span> <span class='ocrx_word' id='word_1_55' title='bbox 554 879 606 916; x_wconf 91' lang='lat' dir='ltr'>ut</span> <span class='ocrx_word' id='word_1_56' title='bbox 639 879 822 917; x_wconf 86' lang='lat' dir='ltr'>veteres</span> <span class='ocrx_word' id='word_1_57' title='bbox 853 868 1128 916; x_wconf 86' lang='lat' dir='ltr'>Phaetontis</span> <span class='ocrx_word' id='word_1_58' title='bbox 1151 867 1334 915; x_wconf 91' lang='lat' dir='ltr'>fabulas</span> <span class='ocrx_word' id='word_1_59' title='bbox 1358 878 1404 916; x_wconf 89' lang='lat' dir='ltr'>et</span> <span class='ocrx_word' id='word_1_60' title='bbox 1426 868 1649 916; x_wconf 90' lang='lat' dir='ltr'>incendia</span> <span class='ocrx_word' id='word_1_61' title='bbox 1673 906 1684 925; x_wconf 94' lang='lat'>‚</span> 
     </span>
     <span class='ocr_line' id='line_1_9' title="bbox 270 945 1685 1011; baseline 0 -18"><span class='ocrx_word' id='word_1_62' title='bbox 270 961 374 1011; x_wconf 78' lang='lat' dir='ltr'>quae</span> <span class='ocrx_word' id='word_1_63' title='bbox 395 945 486 993; x_wconf 91' lang='lat' dir='ltr'>sub</span> <span class='ocrx_word' id='word_1_64' title='bbox 511 945 602 994; x_wconf 91' lang='lat' dir='ltr'>illis</span> <span class='ocrx_word' id='word_1_65' title='bbox 625 946 867 995; x_wconf 83' lang='lat' dir='ltr'>veteribus</span> <span class='ocrx_word' id='word_1_66' title='bbox 899 946 1094 993; x_wconf 86' lang='lat' dir='ltr'>fuerunt</span> <span class='ocrx_word' id='word_1_67' title='bbox 1118 945 1416 1010; x_wconf 85' lang='lat' dir='ltr'>temporibus</span> <span class='ocrx_word' id='word_1_68' title='bbox 1435 982 1447 1005; x_wconf 88' lang='lat'>,</span> <span class='ocrx_word' id='word_1_69' title='bbox 1474 946 1685 993; x_wconf 92' lang='lat' dir='ltr'>reditum</span> 
     </span>
     <span class='ocr_line' id='line_1_10' title="bbox 270 1022 1688 1072; baseline 0 -1"><span class='ocrx_word' id='word_1_70' title='bbox 270 1025 399 1071; x_wconf 85' lang='lat' dir='ltr'>esse¹</span> <span class='ocrx_word' id='word_1_71' title='bbox 433 1023 693 1071; x_wconf 65' lang='lat' dir='ltr'>videretun</span> <span class='ocrx_word' id='word_1_72' title='bbox 727 1027 835 1071; x_wconf 94' lang='lat' dir='ltr'>Non</span> <span class='ocrx_word' id='word_1_73' title='bbox 860 1024 990 1071; x_wconf 90' lang='lat' dir='ltr'>enim</span> <span class='ocrx_word' id='word_1_74' title='bbox 1016 1033 1118 1071; x_wconf 88' lang='lat' dir='ltr'>erat</span> <span class='ocrx_word' id='word_1_75' title='bbox 1141 1022 1266 1070; x_wconf 90' lang='lat' dir='ltr'>ullus</span> <span class='ocrx_word' id='word_1_76' title='bbox 1303 1033 1401 1070; x_wconf 85' lang='lat' dir='ltr'>tam</span> <span class='ocrx_word' id='word_1_77' title='bbox 1425 1040 1568 1070; x_wconf 86' lang='lat' dir='ltr'>senex</span> <span class='ocrx_word' id='word_1_78' title='bbox 1603 1034 1688 1072; x_wconf 87' lang='lat' dir='ltr'>aut</span> 
     </span>
     <span class='ocr_line' id='line_1_11' title="bbox 271 1099 1687 1165; baseline 0.001 -18"><span class='ocrx_word' id='word_1_79' title='bbox 271 1099 549 1164; x_wconf 86' lang='lat' dir='ltr'>grandaevus</span> <span class='ocrx_word' id='word_1_80' title='bbox 563 1137 575 1161; x_wconf 89' lang='lat'>,</span> <span class='ocrx_word' id='word_1_81' title='bbox 616 1100 700 1165; x_wconf 91' lang='lat' dir='ltr'>qui</span> <span class='ocrx_word' id='word_1_82' title='bbox 742 1116 958 1164; x_wconf 92' lang='lat' dir='ltr'>unquam</span> <span class='ocrx_word' id='word_1_83' title='bbox 1001 1099 1178 1147; x_wconf 87' lang='lat' dir='ltr'>similes</span> <span class='ocrx_word' id='word_1_84' title='bbox 1216 1099 1326 1147; x_wconf 90' lang='lat' dir='ltr'>solis</span> <span class='ocrx_word' id='word_1_85' title='bbox 1360 1099 1556 1147; x_wconf 88' lang='lat' dir='ltr'>ardores</span> <span class='ocrx_word' id='word_1_86' title='bbox 1590 1117 1687 1148; x_wconf 90' lang='lat' dir='ltr'>una</span> 
     </span>
     <span class='ocr_line' id='line_1_12' title="bbox 271 1177 1685 1242; baseline 0.001 -19"><span class='ocrx_word' id='word_1_87' title='bbox 271 1185 427 1224; x_wconf 87' lang='lat' dir='ltr'>aestate</span> <span class='ocrx_word' id='word_1_88' title='bbox 453 1177 623 1225; x_wconf 88' lang='lat' dir='ltr'>vidisse</span> <span class='ocrx_word' id='word_1_89' title='bbox 645 1178 956 1225; x_wconf 88' lang='lat' dir='ltr'>meminisset.</span> <span class='ocrx_word' id='word_1_90' title='bbox 974 1180 1091 1236; x_wconf 89' lang='lat' dir='ltr'>Quae</span> <span class='ocrx_word' id='word_1_91' title='bbox 1106 1193 1182 1224; x_wconf 91' lang='lat' dir='ltr'>res</span> <span class='ocrx_word' id='word_1_92' title='bbox 1204 1177 1412 1236; x_wconf 88' lang='lat' dir='ltr'>Francis,</span> <span class='ocrx_word' id='word_1_93' title='bbox 1438 1178 1522 1242; x_wconf 92' lang='lat' dir='ltr'>qui</span> <span class='ocrx_word' id='word_1_94' title='bbox 1543 1178 1685 1225; x_wconf 88' lang='lat' dir='ltr'>etiam</span> 
     </span>
     <span class='ocr_line' id='line_1_13' title="bbox 271 1253 1687 1322; baseline 0.002 -22"><span class='ocrx_word' id='word_1_95' title='bbox 271 1253 479 1319; x_wconf 89' lang='lat' dir='ltr'>plurium</span> <span class='ocrx_word' id='word_1_96' title='bbox 508 1271 670 1302; x_wconf 91' lang='lat' dir='ltr'>rerum</span> <span class='ocrx_word' id='word_1_97' title='bbox 702 1255 1076 1303; x_wconf 85' lang='lat' dir='ltr'>necessariarum</span> <span class='ocrx_word' id='word_1_98' title='bbox 1111 1256 1313 1321; x_wconf 87' lang='lat' dir='ltr'>penuria</span> <span class='ocrx_word' id='word_1_99' title='bbox 1348 1272 1470 1322; x_wconf 89' lang='lat' dir='ltr'>saepe</span> <span class='ocrx_word' id='word_1_100' title='bbox 1503 1256 1687 1304; x_wconf 89' lang='lat' dir='ltr'>labora-</span> 
     </span>
     <span class='ocr_line' id='line_1_14' title="bbox 271 1330 1686 1397; baseline 0.001 -19"><span class='ocrx_word' id='word_1_101' title='bbox 271 1330 390 1379; x_wconf 89' lang='lat' dir='ltr'>bant</span> <span class='ocrx_word' id='word_1_102' title='bbox 421 1332 566 1395; x_wconf 91' lang='lat' dir='ltr'>(nam</span> <span class='ocrx_word' id='word_1_103' title='bbox 595 1333 758 1380; x_wconf 91' lang='lat' dir='ltr'>omnia</span> <span class='ocrx_word' id='word_1_104' title='bbox 794 1333 917 1380; x_wconf 91' lang='lat' dir='ltr'>illius</span> <span class='ocrx_word' id='word_1_105' title='bbox 947 1333 1156 1397; x_wconf 80' lang='lat' dir='ltr'>regionis</span> <span class='ocrx_word' id='word_1_106' title='bbox 1179 1342 1227 1380; x_wconf 91' lang='lat' dir='ltr'>et</span> <span class='ocrx_word' id='word_1_107' title='bbox 1251 1333 1518 1381; x_wconf 85' lang='lat' dir='ltr'>vicinarum</span> <span class='ocrx_word' id='word_1_108' title='bbox 1541 1344 1686 1381; x_wconf 86' lang='lat' dir='ltr'>terra-</span> 
     </span>
     <span class='ocr_line' id='line_1_15' title="bbox 274 1408 1688 1474; baseline 0.001 -19"><span class='ocrx_word' id='word_1_109' title='bbox 274 1425 382 1455; x_wconf 89' lang='lat' dir='ltr'>rum</span> <span class='ocrx_word' id='word_1_110' title='bbox 404 1408 625 1456; x_wconf 78' lang='lat' dir='ltr'>victualia</span> <span class='ocrx_word' id='word_1_111' title='bbox 647 1426 744 1474; x_wconf 85' lang='lat' dir='ltr'>prae</span> <span class='ocrx_word' id='word_1_112' title='bbox 775 1410 924 1457; x_wconf 89' lang='lat' dir='ltr'>nimia</span> <span class='ocrx_word' id='word_1_113' title='bbox 948 1409 1201 1457; x_wconf 90' lang='lat' dir='ltr'>hominum</span> <span class='ocrx_word' id='word_1_114' title='bbox 1230 1419 1277 1456; x_wconf 89' lang='lat' dir='ltr'>et</span> <span class='ocrx_word' id='word_1_115' title='bbox 1306 1427 1541 1474; x_wconf 87' lang='lat' dir='ltr'>equorum</span> <span class='ocrx_word' id='word_1_116' title='bbox 1566 1409 1688 1457; x_wconf 86' lang='lat' dir='ltr'>mul-</span> 
     </span>
     <span class='ocr_line' id='line_1_16' title="bbox 276 1484 1684 1552; baseline 0.002 -20"><span class='ocrx_word' id='word_1_117' title='bbox 276 1484 476 1532; x_wconf 89' lang='lat' dir='ltr'>titudine</span> <span class='ocrx_word' id='word_1_118' title='bbox 512 1486 970 1552; x_wconf 85' lang='lat' dir='ltr'>consumpserant),</span> <span class='ocrx_word' id='word_1_119' title='bbox 1016 1488 1245 1535; x_wconf 84' lang='lat' dir='ltr'>maximas</span> <span class='ocrx_word' id='word_1_120' title='bbox 1275 1487 1430 1534; x_wconf 84' lang='lat' dir='ltr'>attulit</span> <span class='ocrx_word' id='word_1_121' title='bbox 1465 1487 1650 1535; x_wconf 88' lang='lat' dir='ltr'>inedias</span> <span class='ocrx_word' id='word_1_122' title='bbox 1670 1523 1684 1545; x_wconf 89' lang='lat'>,</span> 
     </span>
     <span class='ocr_line' id='line_1_17' title="bbox 275 1562 1684 1629; baseline 0.001 -19"><span class='ocrx_word' id='word_1_123' title='bbox 275 1570 419 1626; x_wconf 83' lang='lat' dir='ltr'>atque</span> <span class='ocrx_word' id='word_1_124' title='bbox 441 1562 562 1610; x_wconf 86' lang='lat' dir='ltr'>inter</span> <span class='ocrx_word' id='word_1_125' title='bbox 581 1579 664 1610; x_wconf 93' lang='lat' dir='ltr'>eos</span> <span class='ocrx_word' id='word_1_126' title='bbox 685 1564 918 1629; x_wconf 89' lang='lat' dir='ltr'>plurimos</span> <span class='ocrx_word' id='word_1_127' title='bbox 940 1573 986 1611; x_wconf 87' lang='lat' dir='ltr'>et</span> <span class='ocrx_word' id='word_1_128' title='bbox 1008 1564 1164 1611; x_wconf 85' lang='lat' dir='ltr'>varios</span> <span class='ocrx_word' id='word_1_129' title='bbox 1184 1564 1380 1611; x_wconf 90' lang='lat' dir='ltr'>morbos</span> <span class='ocrx_word' id='word_1_130' title='bbox 1401 1564 1684 1624; x_wconf 75' lang='lat' dir='ltr'>cumulavi13</span> 
     </span>
    </p>
   </div>
   <div class='ocr_carea' id='block_1_3' title="bbox 275 1639 1686 1781">
    <p class='ocr_par' dir='ltr' id='par_1_3' title="bbox 275 1639 1686 1781">
     <span class='ocr_line' id='line_1_18' title="bbox 275 1639 1686 1708; baseline 0.001 -20"><span class='ocrx_word' id='word_1_131' title='bbox 275 1655 303 1688; x_wconf 82' lang='lat' dir='ltr'>e</span> <span class='ocrx_word' id='word_1_132' title='bbox 321 1639 498 1703; x_wconf 90' lang='lat' dir='ltr'>quibus</span> <span class='ocrx_word' id='word_1_133' title='bbox 526 1641 739 1705; x_wconf 88' lang='lat' dir='ltr'>profecto</span> <span class='ocrx_word' id='word_1_134' title='bbox 769 1641 912 1705; x_wconf 89' lang='lat' dir='ltr'>longe</span> <span class='ocrx_word' id='word_1_135' title='bbox 943 1643 1103 1707; x_wconf 91' lang='lat' dir='ltr'>plures</span> <span class='ocrx_word' id='word_1_136' title='bbox 1124 1659 1271 1707; x_wconf 90' lang='lat' dir='ltr'>quam</span> <span class='ocrx_word' id='word_1_137' title='bbox 1297 1642 1456 1708; x_wconf 89' lang='lat' dir='ltr'>gladio</span> <span class='ocrx_word' id='word_1_138' title='bbox 1484 1653 1532 1690; x_wconf 91' lang='lat' dir='ltr'>et</span> <span class='ocrx_word' id='word_1_139' title='bbox 1559 1643 1686 1690; x_wconf 92' lang='lat' dir='ltr'>bello</span> 
     </span>
     <span class='ocr_line' id='line_1_19' title="bbox 276 1715 1290 1781; baseline 0.004 -19"><span class='ocrx_word' id='word_1_140' title='bbox 276 1715 516 1781; x_wconf 80' lang='lat' dir='ltr'>absumpti</span> <span class='ocrx_word' id='word_1_141' title='bbox 536 1727 582 1764; x_wconf 91' lang='lat' dir='ltr'>et</span> <span class='ocrx_word' id='word_1_142' title='bbox 604 1718 820 1765; x_wconf 82' lang='lat' dir='ltr'>exstincti</span> <span class='ocrx_word' id='word_1_143' title='bbox 837 1718 976 1766; x_wconf 84' lang='lat' dir='ltr'>fuisse</span> <span class='ocrx_word' id='word_1_144' title='bbox 999 1718 1290 1767; x_wconf 87' lang='lat' dir='ltr'>ferebantur.</span> 
     </span>
    </p>
   </div>
   <div class='ocr_carea' id='block_1_4' title="bbox 277 1795 1695 2547">
    <p class='ocr_par' dir='ltr' id='par_1_4' title="bbox 277 1795 1695 2547">
     <span class='ocr_line' id='line_1_20' title="bbox 342 1795 1683 1861; baseline 0.004 -21"><span class='ocrx_word' id='word_1_145' title='bbox 342 1795 463 1840; x_wconf 92' lang='lat' dir='ltr'>Cum</span> <span class='ocrx_word' id='word_1_146' title='bbox 506 1811 617 1842; x_wconf 90' lang='lat' dir='ltr'>vero</span> <span class='ocrx_word' id='word_1_147' title='bbox 664 1796 1011 1860; x_wconf 89' lang='lat' dir='ltr'>primogenitus</span> <span class='ocrx_word' id='word_1_148' title='bbox 1046 1795 1196 1843; x_wconf 82' lang='lat' dir='ltr'>filius³</span> <span class='ocrx_word' id='word_1_149' title='bbox 1227 1797 1351 1860; x_wconf 85' lang='lat' dir='ltr'>regis</span> <span class='ocrx_word' id='word_1_150' title='bbox 1378 1800 1650 1861; x_wconf 84' lang='lat' dir='ltr'>Aragonum</span> <span class='ocrx_word' id='word_1_151' title='bbox 1670 1838 1683 1856; x_wconf 95' lang='lat'><strong><em>,</em></strong></span> 
     </span>
     <span class='ocr_line' id='line_1_21' title="bbox 277 1871 1690 1935; baseline 0.004 -18"><span class='ocrx_word' id='word_1_152' title='bbox 277 1885 422 1933; x_wconf 84' lang='lat' dir='ltr'>agens</span> <span class='ocrx_word' id='word_1_153' title='bbox 454 1879 566 1917; x_wconf 92' lang='lat' dir='ltr'>tunc</span> <span class='ocrx_word' id='word_1_154' title='bbox 602 1871 651 1917; x_wconf 92' lang='lat' dir='ltr'>in</span> <span class='ocrx_word' id='word_1_155' title='bbox 676 1873 869 1918; x_wconf 91' lang='lat' dir='ltr'>remotis</span> <span class='ocrx_word' id='word_1_156' title='bbox 890 1873 1014 1919; x_wconf 90' lang='lat' dir='ltr'>circa</span> <span class='ocrx_word' id='word_1_157' title='bbox 1050 1873 1344 1935; x_wconf 89' lang='lat' dir='ltr'>Valentiam,</span> <span class='ocrx_word' id='word_1_158' title='bbox 1384 1873 1690 1922; x_wconf 84' lang='lat' dir='ltr'>intellexisset</span> 
     </span>
     <span class='ocr_line' id='line_1_22' title="bbox 278 1948 1691 2017; baseline 0.004 -23"><span class='ocrx_word' id='word_1_159' title='bbox 278 1948 422 2011; x_wconf 79' lang='lat' dir='ltr'>regiS,</span> <span class='ocrx_word' id='word_1_160' title='bbox 453 1949 678 2011; x_wconf 87' lang='lat' dir='ltr'>genitoris</span> <span class='ocrx_word' id='word_1_161' title='bbox 707 1949 811 2004; x_wconf 90' lang='lat' dir='ltr'>sui,</span> <span class='ocrx_word' id='word_1_162' title='bbox 837 1950 1111 2015; x_wconf 91' lang='lat' dir='ltr'>civiumque</span> <span class='ocrx_word' id='word_1_163' title='bbox 1143 1951 1448 1999; x_wconf 88' lang='lat' dir='ltr'>obsessorum</span> <span class='ocrx_word' id='word_1_164' title='bbox 1478 1950 1691 2017; x_wconf 86' lang='lat' dir='ltr'>pericula</span> 
     </span>
     <span class='ocr_line' id='line_1_23' title="bbox 279 2027 1684 2094; baseline 0.002 -23"><span class='ocrx_word' id='word_1_165' title='bbox 279 2035 327 2072; x_wconf 91' lang='lat' dir='ltr'>et</span> <span class='ocrx_word' id='word_1_166' title='bbox 348 2041 591 2090; x_wconf 85' lang='lat' dir='ltr'>pressuras</span> <span class='ocrx_word' id='word_1_167' title='bbox 606 2062 619 2085; x_wconf 91' lang='lat'><strong>‚</strong></span> <span class='ocrx_word' id='word_1_168' title='bbox 639 2027 808 2074; x_wconf 92' lang='lat' dir='ltr'>dolore</span> <span class='ocrx_word' id='word_1_169' title='bbox 831 2028 1115 2075; x_wconf 86' lang='lat' dir='ltr'>intrinsecus</span> <span class='ocrx_word' id='word_1_170' title='bbox 1140 2038 1291 2076; x_wconf 84' lang='lat' dir='ltr'>tactus</span> <span class='ocrx_word' id='word_1_171' title='bbox 1305 2065 1318 2087; x_wconf 90' lang='lat'><strong>,</strong></span> <span class='ocrx_word' id='word_1_172' title='bbox 1343 2029 1413 2075; x_wconf 85' lang='lat' dir='ltr'>uti</span> <span class='ocrx_word' id='word_1_173' title='bbox 1445 2045 1532 2094; x_wconf 91' lang='lat' dir='ltr'>par</span> <span class='ocrx_word' id='word_1_174' title='bbox 1554 2038 1656 2076; x_wconf 90' lang='lat' dir='ltr'>erat</span> <span class='ocrx_word' id='word_1_175' title='bbox 1671 2066 1684 2089; x_wconf 92' lang='lat'><strong><em>‚</em></strong></span> 
     </span>
     <span class='ocr_line' id='line_1_24' title="bbox 279 2102 1691 2169; baseline 0.004 -21"><span class='ocrx_word' id='word_1_176' title='bbox 279 2102 411 2167; x_wconf 91' lang='lat' dir='ltr'>quod</span> <span class='ocrx_word' id='word_1_177' title='bbox 433 2102 560 2149; x_wconf 91' lang='lat' dir='ltr'>idem</span> <span class='ocrx_word' id='word_1_178' title='bbox 583 2120 696 2150; x_wconf 86' lang='lat' dir='ltr'>suus</span> <span class='ocrx_word' id='word_1_179' title='bbox 719 2105 907 2168; x_wconf 88' lang='lat' dir='ltr'>genitor</span> <span class='ocrx_word' id='word_1_180' title='bbox 925 2107 1146 2169; x_wconf 89' lang='lat' dir='ltr'>civesque</span> <span class='ocrx_word' id='word_1_181' title='bbox 1171 2106 1239 2152; x_wconf 93' lang='lat' dir='ltr'>illi</span> <span class='ocrx_word' id='word_1_182' title='bbox 1265 2105 1526 2154; x_wconf 87' lang='lat' dir='ltr'>fidelissimi</span> <span class='ocrx_word' id='word_1_183' title='bbox 1548 2107 1691 2154; x_wconf 89' lang='lat' dir='ltr'>tantis</span> 
     </span>
     <span class='ocr_line' id='line_1_25' title="bbox 280 2178 1690 2248; baseline 0.004 -23"><span class='ocrx_word' id='word_1_184' title='bbox 280 2178 577 2242; x_wconf 88' lang='lat' dir='ltr'>subjacerent</span> <span class='ocrx_word' id='word_1_185' title='bbox 599 2182 820 2245; x_wconf 85' lang='lat' dir='ltr'>periculis</span> <span class='ocrx_word' id='word_1_186' title='bbox 840 2217 853 2240; x_wconf 95' lang='lat'>‚</span> <span class='ocrx_word' id='word_1_187' title='bbox 883 2184 1119 2248; x_wconf 91' lang='lat' dir='ltr'>tantisque</span> <span class='ocrx_word' id='word_1_188' title='bbox 1143 2183 1492 2231; x_wconf 88' lang='lat' dir='ltr'>calamitatibus</span> <span class='ocrx_word' id='word_1_189' title='bbox 1526 2195 1573 2231; x_wconf 91' lang='lat' dir='ltr'>et</span> <span class='ocrx_word' id='word_1_190' title='bbox 1605 2201 1690 2232; x_wconf 87' lang='lat' dir='ltr'>an·</span> 
     </span>
     <span class='ocr_line' id='line_1_26' title="bbox 281 2256 1691 2326; baseline 0.004 -24"><span class='ocrx_word' id='word_1_191' title='bbox 281 2256 439 2318; x_wconf 88' lang='lat' dir='ltr'>gustiis</span> <span class='ocrx_word' id='word_1_192' title='bbox 458 2268 805 2321; x_wconf 89' lang='lat' dir='ltr'>premerentur,</span> <span class='ocrx_word' id='word_1_193' title='bbox 827 2259 1042 2307; x_wconf 90' lang='lat' dir='ltr'>debitum</span> <span class='ocrx_word' id='word_1_194' title='bbox 1064 2261 1126 2308; x_wconf 85' lang='lat' dir='ltr'>ad</span> <span class='ocrx_word' id='word_1_195' title='bbox 1147 2260 1371 2308; x_wconf 91' lang='lat' dir='ltr'>eumdem</span> <span class='ocrx_word' id='word_1_196' title='bbox 1389 2271 1574 2326; x_wconf 85' lang='lat' dir='ltr'>patrem</span> <span class='ocrx_word' id='word_1_197' title='bbox 1597 2261 1691 2326; x_wconf 89' lang='lat' dir='ltr'>pie-</span> 
     </span>
     <span class='ocr_line' id='line_1_27' title="bbox 282 2334 1690 2399; baseline 0.004 -19"><span class='ocrx_word' id='word_1_198' title='bbox 282 2335 388 2380; x_wconf 91' lang='lat' dir='ltr'>tatis</span> <span class='ocrx_word' id='word_1_199' title='bbox 421 2334 645 2383; x_wconf 82' lang='lat' dir='ltr'>exhibere</span> <span class='ocrx_word' id='word_1_200' title='bbox 684 2353 856 2384; x_wconf 90' lang='lat' dir='ltr'>curans</span> <span class='ocrx_word' id='word_1_201' title='bbox 901 2337 1134 2399; x_wconf 86' lang='lat' dir='ltr'>officium,</span> <span class='ocrx_word' id='word_1_202' title='bbox 1184 2339 1382 2387; x_wconf 88' lang='lat' dir='ltr'>collecta</span> <span class='ocrx_word' id='word_1_203' title='bbox 1424 2339 1485 2387; x_wconf 92' lang='lat' dir='ltr'>ad</span> <span class='ocrx_word' id='word_1_204' title='bbox 1531 2340 1690 2387; x_wconf 85' lang='lat' dir='ltr'>statim</span> 
     </span>
     <span class='ocr_line' id='line_1_28' title="bbox 283 2410 1689 2481; baseline 0.004 -25"><span class='ocrx_word' id='word_1_205' title='bbox 283 2410 461 2473; x_wconf 90' lang='lat' dir='ltr'>majore</span> <span class='ocrx_word' id='word_1_206' title='bbox 480 2447 494 2471; x_wconf 90' lang='lat'>‚</span> <span class='ocrx_word' id='word_1_207' title='bbox 533 2428 679 2476; x_wconf 90' lang='lat' dir='ltr'>quam</span> <span class='ocrx_word' id='word_1_208' title='bbox 708 2414 866 2477; x_wconf 94' lang='lat' dir='ltr'>potuit</span> <span class='ocrx_word' id='word_1_209' title='bbox 882 2449 895 2473; x_wconf 91' lang='lat'><strong>,</strong></span> <span class='ocrx_word' id='word_1_210' title='bbox 921 2415 1021 2461; x_wconf 85' lang='lat' dir='ltr'>tam</span> <span class='ocrx_word' id='word_1_211' title='bbox 1044 2415 1260 2479; x_wconf 89' lang='lat' dir='ltr'>equitum</span> <span class='ocrx_word' id='word_1_212' title='bbox 1296 2432 1443 2480; x_wconf 88' lang='lat' dir='ltr'>quam</span> <span class='ocrx_word' id='word_1_213' title='bbox 1475 2416 1689 2481; x_wconf 88' lang='lat' dir='ltr'>peditum</span> 
     </span>
     <span class='ocr_line' id='line_1_29' title="bbox 283 2487 1695 2547; baseline 0.004 -15"><span class='ocrx_word' id='word_1_214' title='bbox 283 2501 429 2533; x_wconf 90' lang='lat' dir='ltr'>manu</span> <span class='ocrx_word' id='word_1_215' title='bbox 446 2523 459 2547; x_wconf 85' lang='lat'>‚</span> <span class='ocrx_word' id='word_1_216' title='bbox 486 2487 549 2535; x_wconf 89' lang='lat' dir='ltr'>ad</span> <span class='ocrx_word' id='word_1_217' title='bbox 571 2488 821 2536; x_wconf 86' lang='lat' dir='ltr'>ferendum</span> <span class='ocrx_word' id='word_1_218' title='bbox 848 2489 1052 2538; x_wconf 90' lang='lat' dir='ltr'>obsessis</span> <span class='ocrx_word' id='word_1_219' title='bbox 1073 2491 1240 2539; x_wconf 87' lang='lat' dir='ltr'>solatia</span> <span class='ocrx_word' id='word_1_220' title='bbox 1263 2501 1312 2539; x_wconf 89' lang='lat' dir='ltr'>et</span> <span class='ocrx_word' id='word_1_221' title='bbox 1333 2492 1395 2540; x_wconf 90' lang='lat' dir='ltr'>ad</span> <span class='ocrx_word' id='word_1_222' title='bbox 1418 2508 1695 2540; x_wconf 88' lang='lat' dir='ltr'>succurren-</span> 
     </span>
    </p>
   </div>
   <div class='ocr_carea' id='block_1_5' title="bbox 339 2677 845 2792">
    <p class='ocr_par' dir='ltr' id='par_1_5' title="bbox 339 2677 845 2792">
     <span class='ocr_line' id='line_1_30' title="bbox 339 2677 795 2719; baseline 0.011 -6"><span class='ocrx_word' id='word_1_223' title='bbox 339 2678 356 2713; x_wconf 83' lang='lat'><strong>1</strong></span> <span class='ocrx_word' id='word_1_224' title='bbox 369 2704 378 2713; x_wconf 91' lang='lat'><strong><em>.</em></strong></span> <span class='ocrx_word' id='word_1_225' title='bbox 407 2678 540 2715; x_wconf 81' lang='lat' dir='ltr'>Sanior-</span> <span class='ocrx_word' id='word_1_226' title='bbox 557 2677 651 2717; x_wconf 84' lang='lat' dir='ltr'>dans</span> <span class='ocrx_word' id='word_1_227' title='bbox 669 2679 706 2718; x_wconf 90' lang='lat' dir='ltr'>le</span> <span class='ocrx_word' id='word_1_228' title='bbox 724 2692 795 2719; x_wconf 87' lang='lat' dir='ltr'>ms.</span> 
     </span>
     <span class='ocr_line' id='line_1_31' title="bbox 340 2737 845 2792; baseline 0.008 -17"><span class='ocrx_word' id='word_1_229' title='bbox 340 2739 379 2776; x_wconf 78' lang='lat'>2.</span> <span class='ocrx_word' id='word_1_230' title='bbox 410 2737 585 2792; x_wconf 84' lang='lat' dir='ltr'>Corrigez</span> <span class='ocrx_word' id='word_1_231' title='bbox 602 2742 762 2778; x_wconf 81' lang='lat' dir='ltr'>reditum</span> <span class='ocrx_word' id='word_1_232' title='bbox 782 2745 845 2780; x_wconf 85' lang='lat' dir='ltr'>iri.</span> 
     </span>
    </p>
   </div>
   <div class='ocr_carea' id='block_1_6' title="bbox 344 2800 1359 2856">
    <p class='ocr_par' dir='ltr' id='par_1_6' title="bbox 344 2800 1359 2856">
     <span class='ocr_line' id='line_1_32' title="bbox 344 2800 1359 2856; baseline 0.007 -20"><span class='ocrx_word' id='word_1_233' title='bbox 344 2801 380 2837; x_wconf 75' lang='lat'>3.</span> <span class='ocrx_word' id='word_1_234' title='bbox 411 2800 648 2849; x_wconf 72' lang='lat' dir='ltr'>Ferdinand,</span> <span class='ocrx_word' id='word_1_235' title='bbox 669 2803 891 2841; x_wconf 69' lang='lat' dir='ltr'>sumomme</span> <span class='ocrx_word' id='word_1_236' title='bbox 909 2803 1044 2856; x_wconf 78' lang='lat' dir='ltr'>depuis</span> <span class='ocrx_word' id='word_1_237' title='bbox 1062 2805 1099 2844; x_wconf 87' lang='lat' dir='ltr'>le</span> <span class='ocrx_word' id='word_1_238' title='bbox 1120 2805 1359 2856; x_wconf 75' lang='lat' dir='ltr'>Catholique.</span> 
     </span>
    </p>
   </div>
  </div>
 </body>
</html>
