2054 3470
422 294 500 330 200
788 292 1132 332 fflsromARUM
1158 294 1397 331 Lnnovlcl
1422 294 1480 331 xl
1527 266 1534 276 ’

423 391 470 430 et
491 379 761 429 concordiae
782 381 986 429 invicem
1012 381 1177 445 juratae
1197 383 1371 448 pignus
1394 384 1591 450 cupiens
1613 383 1836 434 exhibere

424 465 568 520 atque
613 465 852 512 ostentare
900 456 1246 521 permaximum
1267 494 1278 518 ,
1317 457 1379 505 ad
1423 458 1837 508 exterminandum

407 528 551 599 ‘ipsos
576 534 775 581 miseros
802 533 1088 581 Leodienses
1117 535 1389 583 societatem
1423 536 1579 584 facere
1605 535 1757 584 voluit
1783 553 1838 585 ac

423 610 648 659 decrevit.
675 614 734 658 Et
756 610 817 658 de
838 610 1153 675 hoc-quidem
1174 613 1370 661 minime
1392 630 1421 661 a
1444 613 1839 679 Burgundionum

424 688 681 752 rogabatur
725 687 871 746 duce,
907 688 991 752 qui
1022 689 1163 736 etiam
1195 700 1360 755 optare
1401 692 1560 756 potius
1592 689 1841 739 dicebatur

424 778 493 828 ut,
529 766 735 832 propriis
767 767 960 813 servatis
991 764 1190 829 finibus,
1221 767 1282 815 de
1310 785 1366 815 ea
1391 785 1442 815 re
1477 784 1575 815 non
1608 785 1709 816 sese
1733 768 1839 816 fati·
1867 800 1869 802 v

424 853 604 910 gasset,
655 853 923 908 suspectam
969 860 1156 909 semper
1208 845 1308 908 ejus
1355 844 1502 892 fidem
1544 845 1841 910 infidamque

423 937 742 985 cognoscens,
770 920 851 967 sed
875 937 972 968 non
994 938 1052 969 eo
1073 922 1244 981 minus,
1272 932 1325 969 ut
1345 939 1542 971 omnem
1565 923 1625 971 de
1648 941 1698 971 se
1716 923 1853 971 diffi-

424 999 637 1047 dentiam
671 997 933 1045 tollendam
963 999 1366 1065 rejiciendamque
1400 1001 1713 1066 approbaret,
1751 1002 1841 1049 im-

423 1085 630 1142 portune
651 1075 855 1122 nimium
878 1074 940 1122 ad
964 1092 1070 1123 eam
1092 1092 1192 1123 rem
1217 1094 1266 1124 se
1288 1077 1524 1141 ingessit¹.

488 1154 686 1218 Trajecit
716 1154 876 1218 itaque
905 1154 1301 1218 Burgundionum
1334 1155 1431 1202 dux
1458 1154 1651 1203 illustris
1680 1155 1843 1220 copias

424 1230 486 1278 ad
521 1230 649 1278 illam
684 1230 1052 1292 tumultuosam,
1098 1231 1392 1296 foedifragam
1423 1241 1566 1296 atque
1602 1232 1843 1296 perjuram

424 1307 711 1356 Eburonum
731 1307 901 1354 urbem
925 1308 1174 1369 Leodium,
1202 1326 1229 1356 a
1251 1326 1359 1373 rege
1381 1312 1672 1356 Francorum
1695 1310 1844 1356 comi-

426 1397 550 1435 tatus
578 1396 625 1433 et
647 1386 875 1443 sociatus,
903 1404 1014 1434 cum
1039 1403 1186 1452 parva
1209 1397 1371 1434 tamen
1393 1403 1539 1434 manu
1566 1405 1577 1433 z
1604 1404 1717 1434 nam
1745 1404 1846 1434 non

427 1466 553 1513 ultra
576 1475 811 1512 trecentas
833 1465 1022 1512 lanceas
1051 1482 1214 1512 secum
1242 1465 1370 1512 idem
1399 1482 1482 1512 rex
1509 1466 1704 1512 traxisse
1728 1464 1847 1512 fere-

426 1544 585 1604 batur,
608 1543 786 1590 caeteris
809 1544 960 1608 copiis
979 1544 1075 1591 suis
1093 1544 1142 1590 in
1165 1560 1313 1607 regno
1333 1544 1522 1591 relictis.
1547 1545 1668 1591 Cum
1687 1552 1848 1591 autem

427 1621 489 1669 ad
519 1621 682 1668 locum
712 1637 865 1685 usque
895 1621 1030 1668 ducis
1057 1622 1289 1669 exercitus
1318 1620 1642 1687 applicuisset,
1678 1619 1850 1668 urbem

428 1700 582 1765 ipsam
616 1698 950 1759 circumcirca,
988 1715 1044 1745 ex
1081 1697 1228 1746 altera
1259 1701 1441 1746 tamen’
1471 1707 1605 1764 parte
1639 1697 1850 1744 fluminis

430 1780 573 1824 Mosae
589 1812 602 1837 ,
643 1777 807 1823 castris
844 1786 890 1823 et
921 1776 1080 1841 valida
1118 1775 1370 1823 obsidione
1406 1776 1577 1838 cinxit3
1614 1784 1714 1822 tam
1744 1775 1849 1839 ipso

432 1870 579 1919 quam
614 1870 723 1917 rege
756 1854 806 1900 in
840 1853 1125 1901 suburbanis
1158 1854 1304 1918 ipsius
1337 1853 1496 1913 urbis,
1537 1868 1637 1899 non
1666 1861 1850 1898 remote

432 1949 461 1980 a
503 1949 553 1979 se
591 1932 824 1992 invicem,
871 1931 1082 1996 hospitio
1123 1931 1342 1995 receptis.
1387 1933 1496 1977 Erat
1533 1930 1664 1977 enim
1697 1928 1851 1976 hiems

429 2010 529 2074 jam
575 2010 685 2056 satis
736 2024 904 2074 aspera
927 2044 939 2069 ,
998 2007 1107 2054 finis
1158 2007 1334 2054 scilicet
1384 2007 1560 2055 mensis
1606 2005 1817 2054 octobris
1834 2043 1847 2067 ,

433 2104 564 2136 anno
594 2103 760 2134 vam.

499 2169 552 2212 In
578 2181 675 2230 qua
696 2162 949 2211 obsidione
976 2179 1088 2210 cum
1106 2163 1271 2228 paucis
1288 2162 1458 2210 diebus
1481 2162 1720 2228 principes
1740 2162 1850 2228 ipsi,

491 2329 528 2368 1.
561 2326 778 2365 Commines
803 2324 995 2378 temoigne
1014 2337 1089 2376 que
1108 2325 1145 2362 le
1170 2323 1244 2362 duc
1267 2323 1316 2362 de
1337 2325 1569 2376 Bourgogne
1590 2322 1633 2360 fit
1650 2322 1854 2362 lui-meme

437 2400 487 2426 au
516 2386 575 2424 roi
603 2386 641 2424 la
663 2385 902 2438 proposition
929 2384 976 2423 de
999 2385 1035 2423 le
1059 2383 1190 2437 suivre
1211 2385 1232 2421 a
1248 2383 1387 2435 nege,
1407 2390 1445 2420 et
1463 2382 1545 2420 cela
1563 2381 1660 2420 dans
1687 2395 1741 2420 un
1767 2395 1854 2420 mo-

437 2455 543 2487 ment
557 2448 609 2485 οὺ
626 2459 703 2484 une
721 2446 853 2498 parole
873 2447 895 2483 a
913 2458 957 2484 ce
974 2444 1075 2493 sujet
1093 2444 1183 2482 etait
1201 2456 1255 2481 un
1273 2441 1621 2481 commandement.
1641 2443 1728 2480 Une
1746 2449 1856 2480 autre

437 2507 619 2554 relation,
634 2505 790 2558 publiee
808 2519 879 2557 par
895 2505 1058 2557 Lenglet
1075 2505 1297 2554 Dufresnoy
1309 2502 1403 2540 dans
1418 2514 1488 2539 son
1507 2500 1652 2540 edition
1670 2500 1719 2539 de
1740 2503 1856 2540 Com-

438 2567 575 2615 mines,
597 2565 725 2604 donne
743 2565 766 2602 l’
771 2564 957 2603 initiative
973 2577 1023 2603 au
1038 2564 1121 2612 roi,
1143 2563 1239 2602 mais
1258 2576 1306 2600 en
1326 2561 1497 2610 ajoutant
1515 2574 1590 2612 que
1609 2574 1653 2600 ce
1672 2562 1730 2599 fut
1746 2560 1795 2599 de
1814 2573 1857 2599 sa

439 2634 526 2679 pant
551 2638 604 2664 un
632 2633 879 2664 mouvement
906 2623 1171 2672 inconsidere,
1202 2622 1296 2661 dont
1319 2622 1346 2660 il
1374 2634 1414 2659 se
1443 2620 1607 2672 repentit
1633 2619 1791 2660 aussitot
1819 2627 1857 2658 et

441 2700 507 2725 sur
526 2685 654 2737 lequel
676 2685 713 2723 le
741 2683 816 2723 duc
838 2698 889 2723 ne
914 2683 971 2723 lui
994 2683 1136 2736 permit
1159 2696 1228 2736 pas
1245 2681 1295 2721 de
1313 2679 1482 2720 revenir.
1507 2682 1562 2719 La
1578 2688 1636 2719 est
1653 2678 1859 2732 probable-

441 2754 547 2785 ment
565 2746 602 2784 la
619 2743 755 2784 verite.

494 2807 535 2846 2.
564 2804 744 2857 Corrigez
760 2813 919 2842 tantum.
