2054 3470
365 286 389 320 2
732 282 1076 320 HISTORIARUM
1101 280 1336 317 LUDOVICI
1363 279 1420 315 XI

364 387 419 418 ac
453 370 705 418 crudeliter
741 369 862 416 facta
895 378 1211 415 retexet-emus
1228 404 1240 428 ,
1277 383 1305 414 a
1337 364 1581 413 nonnullis
1613 365 1695 428 qui
1724 380 1780 411 ea

363 448 531 497 lecturi
565 441 720 496 forent
756 447 850 495 fide
875 447 1072 499 minime
1099 446 1335 510 pnaesffla,
1366 443 1587 491 maledici
1621 443 1780 507 potius

362 525 654 591 cujuspiam,
693 519 1094 588 quam-'historica
1118 512 1320 570 *licentia
1352 537 1462 568 vera
1498 519 1775 578 referentis,

363 604 575 652 officium
590 602 895 667 assumpsisse
918 611 1211 667 putaremur.
1240 602 1334 648 Sed
1354 617 1466 647 cum
1488 617 1516 647 a
1539 598 1780 646 veteribus

362 682 567 730 historiae
588 679 898 746 scriptoribus
917 717 930 740 ‚
966 697 1066 727 non
1088 680 1246 727 solum
1275 678 1292 744 [
1316 678 1507 743 regum]
1531 677 1605 725 vel
1627 678 1780 742 impe-

362 769 577 808 ratorum
600 759 683 823 qui
699 756 950 809 virtutibus
977 767 1025 804 et
1049 757 1280 822 sapientia
1302 756 1579 805 claruerunt
1604 755 1780 819 quique

362 834 632 902 reipublic-te
653 832 948 900 temporibus
969 834 1066 881 suls
1089 826 1225 881 utiles
1244 834 1548 892 exstiterunt,
1575 831 1666 879 ‘sed
1696 847 1780 878 eo-

362 929 470 960 rum
488 913 630 959 etiam
647 913 728 976 qui
745 912 877 958 omni
894 912 1143 976 iniquitate
1160 919 1205 957 et
1225 911 1438 975 nequitia
1457 909 1780 972 vitiorumque

356 988 651 1037 obscenitate
686 984 893 1052 insignes
916 988 1186 1051 famosique-
1210 986 1399 1034 suerunt
1431 987 1516 1050 (ut
1538 986 1636 1033 Caii
1658 985 1780 1032 Cali-

355 1066 497 1131 gulae,
525 1066 751 1124 Neronis,
782 1066 1071 1124 Domitiani,
1109 1065 1364 1112 Commodi
1399 1063 1781 1128 quamplurimo-

352 1162 560 1209 rumque
589 1145 815 1206 talium)
859 1161 934 1191 res
973 1153 1125 1207 gestas
1169 1154 1386 1191 narratas
1425 1142 1780 1206 descriptusque

355 1222 497 1269 fuisse
537 1238 681 1268 nemo
722 1222 934 1284 ignoret,
974 1237 1144 1268 ausum
1181 1221 1452 1284 accepimus
1481 1217 1783 1265 confidenter

357 1300 500 1346 etiam
534 1300 656 1362 regis
692 1298 833 1361 hujus
870 1308 1089 1363 tempora
1126 1313 1296 1361 resque
1335 1313 1420 1361 per
1453 1313 1564 1343 eum
1599 1303 1779 1358 gestas,

354 1377 518 1424 divina
551 1376 822 1440 adspirante
858 1376 1030 1439 gratia,
1068 1375 1191 1439 stylo
1227 1374 1511 1421 narrationis
1543 1373 1735 1436 exsequi
1768 1391 1778 1418 z

357 1454 510 1501 multo
535 1453 683 1516 magis
707 1453 930 1517 eligentes
962 1453 1171 1499 veridica
1194 1452 1467 1499 narratione
1491 1450 1551 1497 ad
1575 1451 1783 1497 instruc-

358 1530 542 1577 tionem
562 1539 608 1576 et
629 1529 869 1577 cautelam
882 1538 1189 1593 posterorum
1206 1529 1357 1575 otium
1373 1543 1610 1587 exercere,
1638 1542 1783 1591 quam

358 1607 664 1654 adulatorum
698 1623 854 1663 more,
892 1606 974 1670 qui
1004 1622 1170 1669 regum
1195 1615 1241 1652 et
1272 1605 1545 1670 principum
1570 1621 1780 1669 panegy-

359 1685 483 1731 ricos
518 1684 935 1748 conscripserunt,
979 1682 1244 1730 mendaciis
1277 1692 1324 1729 et
1354 1681 1591 1746 figmentis
1624 1682 1780 1728 inten-

365 1761 497 1808 dere.

431 1839 739 1902 Cumyitaque
771 1839 821 1883 in
853 1838 988 1883 terris
1021 1836 1252 1883 Flandriae
1284 1845 1330 1882 et
1360 1834 1622 1886 Brabantiae
1655 1835 1784 1899 apud

365 1914 595 1961 illustrem
611 1914 1005 1977 Burgundionum
1023 1913 1214 1972 ducem,
1234 1911 1522 1976 Philippum,
1537 1912 1779 1968 exsistens,

367 1990 429 2037 ‘de
442 1991 586 2055 patris
605 1991 877 2054 gravissima
891 1989 1185 2054 aegritudine,
1204 1987 1398 2048 deinde,
1419 1988 1580 2052 paucis
1599 1979 1784 2034 effluxis

369 2066 557 2127 diebus,
586 2067 646 2113 de
666 2067 800 2114 obitu
823 2067 966 2114 etiam
989 2083 1073 2131 per
1095 2066 1250 2112 varios
1272 2065 1544 2128 multosque
1567 2081 1785 2111 cursores

371 2145 543 2191 certior
588 2144 737 2191 factus
785 2147 962 2199 esset¹,
1004 2142 1179 2189 dubius
1220 2152 1479 2206 utcumque
1513 2158 1785 2206 ancepsque

372 2222 535 2269 animo
569 2221 655 2267 suit
690 2237 751 2267 ne
780 2221 900 2267 forte
925 2237 952 2268 a
978 2219 1258 2285 proceribus
1292 2220 1453 2282 regni,
1492 2219 1662 2283 hisque
1700 2236 1787 2284 po-

374 2299 606 2346 tissimum
642 2299 724 2362 qui
762 2298 893 2362 apud
926 2308 1110 2362 patrem
1144 2313 1285 2343 suum
1314 2297 1562 2360 praecipuis
1596 2296 1705 2343 loco
1742 2306 1785 2343 et
1848 2314 1853 2317 “

373 2376 560 2423 honore
583 2375 794 2434 fuerant,
831 2375 1255 2422 contradictionem
1295 2374 1707 2437 resistentiamque
1738 2375 1786 2420 in

372 2451 691 2500 nanciscenda
742 2453 873 2514 regni
929 2451 1224 2517 possessione
1265 2459 1519 2515 pateretur.
1571 2450 1789 2498 Habebat

373 2531 502 2578 e‘ni'm
537 2529 728 2576 fratrem
758 2529 999 2592 juniorem
1022 2545 1072 2575 se
1094 2528 1280 2575 circiter
1300 2527 1437 2574 annis
1460 2527 1625 2590 viginti
1645 2565 1656 2587 ‚
1700 2531 1788 2576 Ca·

431 2716 470 2751 1.
501 2714 555 2750 La
573 2709 753 2749 nouvelle
773 2709 821 2748 de
841 2722 882 2747 sa
902 2717 1002 2748 mort
1020 2708 1072 2746 lui
1093 2708 1245 2759 parvint
1269 2708 1306 2747 le
1326 2711 1376 2746 24
1395 2708 1540 2756 juillet,
1558 2722 1607 2747 au
1628 2708 1788 2748 chateau

377 2773 426 2811 de
448 2773 653 2823 Genappe,
674 2783 722 2808 en
742 2769 923 2810 Brabant.
