2054 3470
399 353 476 391 386
751 317 1104 393 ‘HISTORJARUM
1129 353 1364 392 LUDOVICI
1390 354 1449 392 XI

464 437 560 487 Sed
593 440 810 504 quamvis
832 439 928 488 hoc
953 440 1165 506 prudens
1200 450 1247 488 et
1269 439 1383 488 utile
1413 440 1630 506 profecto
1651 441 1810 492 consi—

396 516 516 564 lium
540 534 625 565 rex
646 517 736 564 sibi
757 517 1007 583 praeberet,
1034 535 1134 566 non
1157 535 1255 567 una
1276 528 1461 567 tantum
1485 520 1605 579 vice,
1632 519 1732 581 sed,
1758 528 1813 567 ut

398 596 548 656 aiunt,
572 595 756 643 vicibus
774 597 1001 662 repetitis,
1022 597 1244 662 amplecti
1261 607 1421 645 tamen
1438 598 1556 645 illud
1571 613 1628 645 ac
1650 607 1812 645 tenere

394 674 525 722 idem
555 674 652 721 dux
687 675 845 722 minus
867 677 1084 723 consulte
1114 677 1375 738 recusavit,
1414 692 1612 741 quoquo
1647 676 1811 723 animo

398 751 487 799 sibi
509 752 652 799 etiam
675 752 736 799 ab
767 752 906 800 hoste
927 752 1235 818 praeberetur.
1263 755 1404 817 Atqui
1422 763 1602 802 tantam
1617 753 1741 800 inter
1762 769 1811 800 se

396 829 653 889 dictorum,
687 829 924 876 factorum
945 840 992 877 et
1022 830 1332 878 consiliorum
1362 829 1676 877 diffidentiam
1701 830 1814 878 odia

395 917 444 954 et
462 907 719 954 inimicitiae
740 917 918 955 mutuae
938 907 1255 968 induxerant,
1286 918 1340 955 ut
1363 907 1552 956 difficile
1575 908 1626 955 in
1650 907 1813 973 aliquo

394 986 513 1034 alter
543 985 678 1032 alteri
713 986 909 1034 credere
933 996 1120 1051 posset,
1149 996 1269 1047 est0,
1311 987 1559 1034 communi
1591 987 1811 1035 omnium

393 1064 548 1129 prima
570 1064 898 1126 aestimatione,
925 1064 1114 1112 salubre
1137 1074 1279 1130 atque
1300 1064 1414 1113 utile
1436 1065 1690 1114 consilium
1708 1067 1810 1115 cui-

397 1140 514 1189 libet
540 1140 693 1190 videri
717 1142 964 1207 potuisset.

870 1345 1214 1391 CAPITULUM
1263 1346 1344 1392 Vl.

394 1475 568 1519 Qualiter,
585 1484 703 1522 spreto
718 1474 810 1521 regis
830 1475 994 1521 consilio,
1012 1475 1188 1510 Suitenses
1208 1487 1406 1522 aggressus,
1423 1476 1600 1512 castellum
1621 1480 1732 1511 Mor-at
1750 1478 1815 1512 ob-

442 1527 552 1572 sedit3
571 1528 634 1562 ubi
652 1540 673 1563 a
687 1527 908 1564 Suitensibus
931 1528 1122 1565 debellatus
1143 1537 1177 1564 et
1192 1528 1322 1574 victus,
1338 1530 1490 1566 maxima
1517 1530 1616 1567 clade
1632 1541 1812 1580 suscepta,

443 1581 592 1629 turpiter
609 1581 758 1630 aufugit.
1407 1585 1414 1594 ‘

463 1704 634 1768 Spreto
679 1703 838 1767 itaque
874 1701 1208 1765 hujuscemodi
1255 1713 1302 1750 et
1341 1704 1538 1751 minime
1574 1720 1813 1770 perpenso

400 1780 619 1838 consilio,
644 1796 756 1826 cum
789 1778 918 1826 idem
941 1779 1038 1827 dux
1062 1797 1164 1828 sese
1203 1780 1332 1846 apud
1366 1784 1684 1842 Lausannam,
1707 1792 1817 1847 post

403 1857 579 1905 dictam
601 1856 787 1904 cladem
809 1867 1071 1922 acceptam,
1100 1858 1370 1922 recepisset,
1397 1859 1566 1905 anxius
1582 1857 1817 1923 valdeque

407 1944 602 1981 moestus
637 1933 698 1980 de
731 1934 992 1998 ignominia
1024 1934 1307 1998 damnisque
1340 1951 1445 1998 quae
1485 1951 1652 1999 passus
1694 1946 1813 1998 erat,

406 2011 518 2059 satis
536 2011 740 2074 graviter
761 2020 988 2074 aegrotare
1010 2012 1188 2076 coepit¹.
1214 2015 1267 2057 In
1291 2027 1382 2075 qua
1407 2027 1492 2059 sua
1521 2012 1814 2075 aegritudine,

408 2087 556 2135 multa
579 2088 623 2134 ei
645 2087 953 2135 humanitatis
976 2088 1206 2151 obsequia
1223 2088 1531 2153 remediaque
1549 2089 1629 2138 illa
1645 2090 1820 2140 nobilis

409 2165 597 2212 ducissa
617 2163 864 2211 Sabaudiae
882 2164 1112 2213 exhibuit.

473 2244 598 2288 Cum
630 2241 791 2305 itaque
823 2241 884 2288 de
910 2241 1245 2306 hujuscemodi
1279 2243 1556 2308 aegritudine
1587 2254 1698 2310 post
1717 2245 1819 2294 dies

408 2319 592 2383 aliquot
631 2318 734 2382 ipse
770 2319 1115 2380 convaluisset,
1159 2322 1304 2387 coepit
1338 2321 1433 2369 illic
1463 2321 1624 2369 denuo
1657 2325 1820 2388 copias

407 2395 523 2443 hinc
549 2405 597 2443 et
614 2395 727 2442 inde
749 2394 985 2461 dispersas
1008 2397 1249 2462 colligere,
1276 2409 1323 2446 et
1351 2399 1531 2462 majore
1553 2399 1696 2447 etiam
1718 2417 1821 2448 nu-

408 2490 542 2521 mero
577 2490 632 2521 ac
665 2474 846 2521 viribus
881 2476 1142 2523 exercitum
1175 2477 1465 2538 instaurare,
1503 2493 1649 2541 quam
1679 2489 1819 2526 antea

406 2549 670 2612 habuisset3
709 2567 862 2598 novos
899 2552 1043 2600 etiam
1077 2570 1271 2614 currus,
1311 2553 1556 2602 machinas
1591 2564 1639 2602 et
1661 2556 1819 2605 varios

405 2627 518 2676 belli
551 2637 806 2693 apparatus
844 2628 1074 2678 fabricare
1113 2642 1160 2678 et
1176 2668 1188 2690 ‚
1228 2630 1567 2697 undecumque
1604 2642 1814 2698 poterat,

404 2705 644 2753 adciscere
665 2715 714 2753 et
734 2722 1006 2772 aggregare.
1032 2708 1273 2756 Suitenses
1305 2725 1418 2756 vero
1434 2747 1446 2771 ,
1479 2709 1639 2774 priore
1659 2710 1818 2776 praeda

456 2848 496 2885 1.
526 2848 590 2884 Du
611 2847 661 2885 29
680 2845 779 2885 avril
799 2858 848 2884 au
868 2847 919 2884 27
938 2846 1015 2885 mai
1034 2849 1151 2886 1476.

2046 2865 2054 2895 ,ν
2043 2514 2054 2850 ..mn-..Q
2046 2234 2054 2505 ‘nm-m.—
2048 2177 2054 2206 -„
2050 2148 2054 2164 -
