2054 3470
700 308 847 354 mmm
873 315 1158 353 SECUNDUS<
1558 315 1635 352 153

221 409 415 458 deberet
435 406 664 454 invenire.
690 407 801 452 Erat
824 403 954 451 enim
977 402 1213 468 oppidum
1238 419 1373 468 paene
1394 404 1444 450 in
1474 403 1636 451 medio

221 487 386 535 itinere
416 485 581 542 situm,
618 483 744 530 inter
770 480 1127 545 Rothomagum
1155 490 1204 551 et
1234 482 1415 528 Drocas
1432 482 1469 540 ¹,
1510 480 1637 529 unde

220 564 351 612 idem
367 563 466 611 dux
489 561 717 609 Borbonii
739 559 802 607 ad
819 558 1045 607 eumdem
1068 558 1335 623 scripserat.
1366 557 1638 605 Observans

222 643 379 708 itaque
400 639 701 688 Normanniae
735 637 833 685 dux
859 646 1090 685 statutum
1117 635 1264 696 diem,
1293 635 1411 684 adiit
1431 638 1637 683 Locum—

221 718 384 777 Veris,
423 716 530 778 ubi,
574 733 687 764 cum
725 715 986 763 adventum
1017 713 1152 762 ducis
1181 722 1474 779 exspectaret
1506 713 1640 777 juxta

220 796 453 863 promissa
496 811 608 856 sua,
656 803 704 841 et
748 791 1020 840 mandasset
1066 792 1317 858 capitaneo
1361 801 1409 839 et
1452 790 1640 838 civibus

222 873 524 922 Ebroicensis
558 873 814 932 civitatis‘‚
851 869 1012 936 quod,
1050 868 1185 918 omni
1218 886 1330 918 cum
1366 869 1556 916 honore
1593 879 1640 917 et

147 993 151 997 ,
219 951 482 1000 reverentia
521 967 644 1015 quos
684 949 775 998 sibi
816 949 908 1015 ipsi
946 947 1172 997 exhibere
1213 956 1438 1014 possent,
1479 947 1639 1013 ipsum

219 1029 394 1078 ducem
431 1027 661 1076 Borbonii
705 1037 804 1076 tam
840 1028 913 1074 sui
950 1043 1098 1092 quam
1132 1027 1281 1092 regiS‚
1319 1026 1456 1090 cujus
1498 1042 1550 1073 se
1593 1036 1641 1073 et

219 1105 429 1171 legatum
451 1105 691 1154 asserebat
706 1141 719 1167 ,
744 1104 1151 1170 contemplatione
1180 1104 1454 1169 exciperent
1470 1140 1482 1163 ‚
1508 1111 1639 1169 post-

220 1200 366 1249 quam
396 1183 611 1248 ejusdem
643 1181 906 1248 operiendo
941 1182 1205 1230 adventum
1242 1181 1338 1230 illic
1374 1177 1641 1234 remoratus

221 1261 384 1309 fuisset
400 1278 488 1327 per
503 1261 606 1309 dies
627 1261 750 1309 duos
761 1298 774 1324 ,
798 1259 1028 1308 intellexit
1045 1259 1212 1308 dolum
1228 1269 1372 1326 atque
1389 1258 1641 1325 perfidiam

117 1346 119 1348 ’
178 1361 182 1363 “
222 1355 345 1404 quos
381 1338 472 1386 sibi
504 1338 635 1386 idem
671 1339 770 1386 dux
803 1337 1032 1386 Borbonii
1064 1347 1291 1404 patrarat.
1345 1341 1466 1385 Nam
1502 1353 1639 1397 cum,

222 1416 376 1481 ipsam
400 1415 739 1464 Ebroicensem
777 1415 1020 1464 civitatem
1056 1415 1357 1479 ingrediens,
1385 1432 1415 1463 a
1442 1414 1572 1463 clero
1598 1424 1646 1462 et

224 1486 407 1542 civibus
427 1493 518 1541 sibi
540 1493 698 1558 (juxta
719 1492 853 1557 quod
882 1492 1166 1561 mandatum
1196 1493 1506 1558 acceperant)
1528 1509 1642 1558 pro-

225 1570 546 1618 cessionaliter
570 1571 853 1618 exeuntibus
876 1569 1071 1618 obviam
1087 1606 1100 1631 ,
1133 1571 1295 1618 fuisset
1314 1569 1644 1618 honorificen-

226 1649 405 1696 tissime
446 1658 688 1714 receptus,
723 1647 835 1695 fidei
870 1649 1110 1713 totiusque
1142 1647 1406 1696 honestatis
1440 1647 1643 1709 oblitus,

228 1725 407 1791 perfide
443 1743 498 1774 ac
521 1726 865 1788 fraudulenter,
899 1727 1097 1774 nomine
1131 1727 1280 1791 regis,
1302 1727 1542 1774 civitatem
1566 1744 1646 1775 ac-

225 1804 374 1869 cepit,
394 1804 680 1851 intromissis
701 1803 759 1852 de
783 1804 905 1867 regis
926 1803 1092 1851 militia
1109 1840 1122 1865 ,
1141 1803 1316 1869 quibus
1332 1805 1496 1852 civitas
1512 1804 1646 1853 nullo

226 1881 376 1928 modo
401 1881 630 1930 obsistere
663 1882 894 1948 potuisset
908 1884 947 1943 ³3
979 1883 1233 1948 posuitque
1264 1881 1383 1943 illic,
1409 1882 1532 1946 regis
1558 1899 1647 1930 no-

280 2041 319 2078 1.
349 2042 499 2079 Dreux.
523 2039 577 2080 Le
607 2040 683 2079 duc
711 2040 759 2079 de
787 2039 973 2080 Bourbon
999 2054 1026 2092 y
1051 2039 1156 2079 avait
1182 2040 1242 2079 ete
1272 2040 1423 2092 envoye
1453 2053 1549 2088 avec
1577 2054 1649 2079 son

226 2098 341 2146 fiere,
360 2099 398 2139 le
413 2099 551 2139 batard
565 2100 612 2139 de
624 2100 808 2140 Bourbon
815 2117 826 2148 ;
838 2114 933 2140 avec
945 2101 983 2140 le
994 2114 1175 2140 nouveau
1189 2100 1410 2140 chancelier
1422 2100 1472 2139 de
1483 2103 1646 2148 France,

227 2158 446 2198 Guillaume
457 2163 480 2198 J
482 2161 646 2199 ouvenel
658 2160 726 2199 des
733 2161 888 2210 Ursins;
900 2174 995 2199 avec
1004 2160 1162 2200 Charles
1173 2160 1222 2198 de
1234 2160 1365 2199 Melun
1378 2169 1416 2198 et
1428 2160 1650 2200 Guill'aume

226 2217 422 2258 Cousinot.
442 2221 678 2258 Documents
696 2219 852 2268 inedits,
871 2221 1092 2272 Melanges,
1118 2228 1147 2258 t.
1167 2223 1222 2269 11,
1244 2234 1285 2273 p.
1306 2221 1398 2259 430.

280 2280 321 2320 2.
350 2273 522 2323 Evreux.

282 2343 322 2381 3.
352 2344 384 2381 Il
405 2356 464 2396 ya
480 2344 530 2383 de
550 2343 840 2384 l’inexactitude
857 2344 953 2384 dans
971 2358 1015 2383 ce
1034 2343 1140 2383 rccit.
1157 2343 1266 2383 voici
1283 2344 1384 2383 celui
1402 2343 1450 2383 de
1469 2343 1508 2382 la
1529 2342 1650 2382 Chro-

228 2400 346 2453 nique
357 2404 606 2444 scandaleuse
627 2421 634 2444 :
655 2423 672 2440 ιι
689 2406 961 2458 Monseigneur
980 2405 1028 2445 de
1045 2405 1228 2444 Bourbon
1241 2405 1302 2444 ala
1315 2405 1459 2444 devant
1475 2398 1649 2453 Evreux,

229 2473 329 2511 pour
351 2461 510 2511 l'avoir,
540 2464 608 2515 qui
639 2467 705 2516 n’y
737 2464 914 2504 obeirent
945 2465 1056 2517 point
1081 2464 1129 2503 de
1157 2465 1350 2517 premiere
1373 2477 1523 2513 venue3
1556 2463 1651 2501 mais

231 2518 367 2571 depuis
387 2522 608 2562 traicterent
627 2537 818 2575 avecques
836 2525 904 2576 luy
923 2533 961 2563 et
978 2525 1015 2563 le
1032 2523 1254 2563 boutterent
1271 2524 1432 2573 dedans,
1455 2523 1523 2574 luy
1534 2530 1573 2561 et
1592 2535 1652 2560 ses

231 2591 337 2630 gens,
358 2596 374 2614 n
400 2583 464 2619 Un
482 2583 667 2622 memoire
689 2583 738 2621 de
759 2583 876 2622 Louis
890 2586 948 2622 XI
971 2596 1022 2621 au
1038 2592 1164 2622 comte
1182 2583 1230 2622 de
1250 2582 1447 2622 Charolais
1467 2582 1650 2619 confirme
1711 2600 1714 2601 ν

230 2637 268 2676 le
284 2638 350 2677 fait
362 2639 410 2678 de
422 2640 460 2678 la
474 2642 677 2682 assistance
690 2644 859 2695 opposee
872 2643 1036 2682 d’abord
1055 2657 1105 2682 au
1121 2643 1196 2681 duc
1212 2643 1260 2681 de
1277 2642 1462 2681 Bourbon
1480 2656 1488 2678 :
1504 2659 1520 2674 «
1536 2642 1649 2678 Mon-

232 2696 412 2749 seigneur
432 2698 481 2737 de
499 2700 683 2739 Bourbon
704 2702 788 2740 vint
809 2702 918 2741 audit
935 2703 1015 2741 lieu
1039 2703 1088 2741 de
1115 2707 1248 2741 Dreux
1264 2731 1275 2750 ‚
1298 2710 1336 2740 et
1353 2702 1394 2739 fit
1410 2699 1652 2738 incontinent

233 2757 384 2806 scavoir
405 2759 428 2796 a
446 2759 594 2797 mondit
611 2761 790 2812 seigneur
804 2754 1022 2802 Charles‘sa
1039 2776 1167 2802 venue
1183 2776 1254 2814 par
1274 2762 1361 2801 dela
1380 2770 1419 2799 et
1440 2761 1496 2798 les
1519 2771 1651 2796 causes

235 2815 385 2855 d’icelle
398 2848 408 2866 ,
429 2826 467 2856 et
483 2818 537 2856 lui
557 2819 695 2858 manda
716 2821 865 2859 mondit
883 2822 1062 2874 seigneur
1083 2822 1240 2861 Charles
1256 2821 1348 2872 qu'il
1370 2821 1445 2858 sust
1465 2816 1652 2857 tres-bien
