2054 3470
707 345 851 380 LIBER
876 343 1074 380 PRIMUS.
1550 341 1598 377 ⁶7

648 558 988 605 CAPITULUM
1022 558 1144 602 XIX.

290 696 342 730 De
357 691 533 730 discordia
550 705 612 728 seu
625 693 798 728 simultate
810 699 887 726 orta
901 691 992 726 inter
1008 704 1104 739 reges
1117 690 1273 726 Francia
1288 698 1322 725 et
1335 691 1511 734 Caistena,

772 746 888 782 statim
902 744 1034 780 sedata.

261 874 355 923 Sed
389 875 641 940 quoniam,
673 876 910 923 anteriore
936 884 1174 939 tempore,
1208 890 1292 921 rex
1323 873 1533 922 Castellae
1563 884 1610 922 et

201 953 434 1019 Legionis¹
466 969 625 1018 regem
668 956 942 1016 Aragonum
980 951 1111 998 velut
1152 950 1339 998 hostem
1376 950 1608 1013 habebat,

199 1047 298 1078 non
325 1046 495 1096 parum
526 1030 625 1094 regi
655 1030 900 1078 Ludovico
935 1032 1228 1076 Francorum
1249 1024 1470 1076 ‘infensus
1501 1028 1612 1090 fuit,

201 1107 356 1173 quod,
391 1109 474 1156 eo’
499 1104 943 1168 inconsulto,'cum
977 1105 1113 1153 hoste
1143 1121 1232 1152 suo
1266 1105 1443 1153 soedera
1473 1115 1616 1170 atque

200 1185 430 1233 amicitias
461 1184 747 1250 copulasset.
787 1183 954 1232 Aiebat
980 1184 1111 1230 enim
1137 1199 1223 1248 per
1256 1182 1352 1232 hoc
1374 1193 1617 1231 vetustam

202 1263 563 1325 fraternitatem,
595 1265 718 1311 iuter
748 1266 1038 1310 Francorum
1065 1272 1114 1310 et
1140 1261 1351 1310 Castellae
1378 1278 1511 1325 reges
1537 1261 1618 1309 fir-

205 1340 411 1387 missime
437 1341 643 1404 juratam
676 1349 724 1388 et
757 1339 1039 1403 gravissimis
1071 1339 1286 1386 censuris
1317 1354 1619 1385 summorum

206 1415 488 1482 pontificum
510 1416 788 1464 roboratam
811 1432 866 1463 ac
890 1415 1145 1475 sancitam,
1173 1414 1375 1462 violasse
1402 1425 1449 1462 et
1477 1414 1621 1462 abru-

208 1493 355 1558 pisse,
380 1511 491 1541 cum
508 1510 596 1541 suo
618 1493 754 1540 hoste
778 1493 1095 1540 infensissimo
1114 1490 1330 1555 ligantias
1349 1491 1584 1539 faciendo.

277 1574 472 1636 Propter
510 1587 654 1634 quam
690 1587 883 1618 causam
916 1570 1094 1618 veritus
1126 1569 1396 1617 Ludovicus
1433 1585 1518 1630 ne,
1557 1568 1622 1616 ob

214 1665 319 1697 eam
353 1665 479 1707 rem,
514 1657 650 1694 vetus
683 1647 762 1694 illa
797 1656 843 1694 et
877 1664 963 1711 per
995 1656 1066 1694 tot
1101 1663 1269 1710 regum
1303 1647 1624 1693 successiones

211 1742 398 1789 semper
434 1725 715 1772 inconcusse
750 1724 999 1771 observata
1037 1723 1302 1770 fraternitas
1337 1723 1620 1783 solveretur,

210 1800 526 1864 legationibus
550 1801 641 1864 egit
670 1809 744 1859 ut,
774 1799 835 1846 ad
860 1800 1219 1847 reformandum
1249 1800 1499 1859 amicitias,
1525 1801 1625 1865 ipse

212 1886 259 1924 et
287 1894 369 1924 rex
397 1877 606 1924 Castellae
636 1878 685 1923 in
718 1876 880 1924 locum
910 1879 1097 1937 umxm’,
1133 1877 1182 1923 in
1217 1877 1465 1942 utriusque
1491 1878 1624 1941 regni

211 1953 456 2015 limitibus,
476 1955 804 2002 convenirent.
824 1956 892 2000 Ex
906 1954 1131 2001 condicto
1149 1954 1327 2018 itaque,
1342 1955 1476 2018 juxta
1492 1956 1626 2003 Baio·

213 2046 342 2090 nam,
367 2048 518 2097 prope
539 2031 741 2078 flumen‘
762 2031 895 2095 quod
917 2031 966 2078 in
988 2047 1043 2078 ea
1067 2041 1200 2096 parte
1223 2032 1468 2097 utriusque
1493 2033 1627 2096 regni

215 2107 412 2156 limitem
434 2108 559 2167 sacit,
583 2108 645 2155 ad
666 2109 974 2156 constitutam
995 2108 1146 2156 diem¹⁵
1165 2108 1307 2156 ambo
1326 2127 1477 2174 reges,
1504 2120 1629 2158 uter-

272 2245 310 2280 1.
340 2243 461 2281 Henri
477 2246 528 2282 IV
543 2274 553 2292 ‚
585 2243 644 2282 roi
670 2243 719 2282 de
744 2242 896 2282 Castille
922 2251 962 2281 et
990 2243 1038 2281 de
1061 2242 1190 2292 Leon,
1215 2246 1444 2284 entretenait
1466 2247 1567 2286 alors
1588 2247 1627 2287 la

221 2315 357 2355 guerre
380 2303 474 2343 dans
502 2305 538 2343 la
559 2307 752 2352 Navarre,
776 2317 842 2342 sur
869 2303 1035 2354 laquelle
1053 2305 1080 2342 il
1100 2305 1203 2343 avait
1224 2306 1292 2345 des
1313 2307 1568 2359 pretentions,
1591 2316 1628 2348 et

221 2361 413 2402 favoris-ait
428 2377 476 2402 en
494 2365 619 2402 meme
635 2372 759 2415 temps
777 2363 1059 2402 l’msurrection
1079 2364 1180 2403 dela
1198 2366 1419 2419 Catalogne.

275 2426 314 2465 2.
341 2426 374 2463 Il
393 2425 559 2464 faudrait
575 2440 616 2464 se
634 2440 685 2465 au
703 2426 782 2464 lieu
801 2425 849 2464 de
867 2439 924 2465 eo.

279 2485 317 2522 3.
346 2486 483 2524 Contre
499 2499 552 2524 un
568 2486 705 2524 rocher
721 2499 787 2523 sur
804 2485 842 2523 la
860 2485 943 2523 rive
963 2485 1148 2536 francaise
1167 2485 1216 2524 de
1232 2486 1271 2525 la
1287 2486 1467 2526 Bidassoa
1483 2517 1494 2535 ,
1518 2488 1627 2527 selon

227 2542 346 2594 Diego
369 2544 583 2596 Henriquez
616 2545 665 2584 de
697 2545 851 2584 Castillo
863 2574 875 2593 ,
910 2547 1068 2583 Cronica
1104 2548 1171 2584 del
1203 2559 1269 2595 rey
1303 2549 1355 2587 D.
1386 2550 1556 2598 Eurique
1591 2552 1632 2585 el

227 2611 388 2699 31:132:sz
392 2616 440 2670 ,c'
467 2617 569 2644 mx.
598 2605 814 2644 Commines
841 2603 968 2652 ajoute
990 2617 1066 2655 que
1091 2618 1135 2644 ce
1164 2605 1222 2645 fut
1242 2605 1385 2646 devant
1405 2607 1442 2646 le
1468 2607 1627 2646 chateau

389 2674 437 2702 le.

282 2721 321 2756 4.
350 2722 404 2758 La
420 2721 613 2764 Bidassoa.

286 2787 324 2823 5.
355 2788 407 2822 Le
428 2785 517 2833 jour
533 2789 630 2825 n’est
645 2800 714 2839 pas
733 2787 885 2839 specifie
902 2800 974 2839 par
993 2788 1049 2826 les
1069 2787 1363 2839 chroniqueurs,
1386 2787 1481 2826 mais
1507 2791 1631 2829 c'etait

177 2881 185 2885 .
230 2857 280 2882 au
296 2844 426 2882 milieu
437 2845 489 2883 du
503 2846 596 2884 mois
612 2846 745 2884 d‘avril
763 2850 880 2887 1463.
895 2849 993 2897 Voy.
1010 2847 1064 2885 les
1082 2847 1208 2898 pieces
1225 2848 1292 2898 qui
1310 2861 1350 2885 se
1370 2859 1591 2899 rapportent
1610 2853 1631 2888 a
