2054 3470
739 345 883 381 LIBER
907 343 1125 380 TERTIUS.
1560 343 1637 379 249

231 449 388 496 regem
413 436 701 479 Francorum
730 429 856 477 bello
885 439 955 476 est
987 429 1198 475 adortus.
1226 428 1487 475 Verebatur
1508 430 1637 475 enim

231 508 564 557 criminationis
579 517 730 571 ‘atque
751 507 953 554 infamiae
970 506 1114 554 talem
1137 516 1328 568 tamque
1352 515 1539 570 turpem
1557 522 1640 551 no·

232 596 328 635 tam
354 588 612 646 incurrere,
639 594 692 632 ut
726 594 822 632 tam
850 584 1126 631 solemniter
1154 584 1363 648 percussi
1393 592 1440 629 et
1468 584 1637 638 sacrati
1684 640 1689 641 ⁷

232 664 418 713 foederis
453 662 582 727 apud
613 665 871 720 Peronam,
896 661 972 709 vel
1007 677 1117 709 cum
1147 661 1343 707 minima
1372 676 1427 707 ac
1453 660 1639 707 tenuis-

231 743 348 789 sima
365 739 661 805 apparentia,
690 738 915 786 infractor
935 737 996 785 ab
1018 738 1178 800 aliquo
1204 737 1298 783 dici
1320 740 1520 801 posset¹.
1547 737 1639 783 Sed

231 819 279 865 in
297 817 389 864 hoc
402 833 501 863 non
520 817 697 880 quievit
714 820 1004 863 Francorum
1024 831 1106 863 rex
1119 851 1131 874 ‚
1152 831 1240 861 nec
1257 830 1369 861 suus
1387 813 1640 878 praedictus

230 893 682 942 connestabularius.

292 974 468 1019 Verum
492 973 633 1019 etiam
658 982 705 1019 et
736 971 946 1019 nobilem
975 971 1340 1030 Ambiauensem
1370 970 1607 1017 civitatem
1623 1005 1636 1028 ‚

228 1049 600 1114 repugnantibus
627 1066 715 1096 nec
746 1048 1109 1096 assentientibus
1140 1047 1493 1094 honestioribus
1523 1047 1639 1093 civi-

228 1125 318 1173 bus
344 1126 463 1188 loci,
503 1126 627 1190 vulgi
657 1127 884 1192 praecipiti
915 1137 962 1174 et
995 1126 1263 1174 inconsulta
1296 1136 1438 1190 atque
1463 1126 1640 1172 tumul-

229 1204 380 1251 tuaria
403 1203 628 1265 factione,
655 1205 867 1252 similiter
901 1205 1100 1269 recepit,
1137 1214 1181 1251 et
1211 1220 1239 1251 a
1269 1203 1405 1250 ducis
1424 1207 1638 1266 Burgun-

228 1279 432 1328 dionum
455 1280 636 1329 ditione
659 1281 882 1328 abstraxit
895 1284 925 1328 ².
958 1284 1013 1328 Et
1044 1282 1201 1346 primo
1232 1281 1454 1345 quidem,
1481 1297 1590 1327 cum
1614 1297 1642 1327 a

230 1358 368 1404 certis
396 1359 775 1416 commissariis⁸‚
811 1359 949 1422 regiis
981 1359 1268 1423 quibusdam
1301 1359 1516 1423 equitum
1548 1368 1642 1405 tur-

231 1436 320 1482 mis
367 1437 576 1497 sociatis‚
627 1437 849 1484 summati
888 1453 944 1483 ex
990 1447 1124 1501 parte
1170 1437 1290 1500 regis
1332 1436 1642 1500 requisitique

231 1511 427 1560 fuissent
461 1523 515 1560 ut
548 1530 648 1561 sese
682 1514 941 1572 dederent,
982 1514 1182 1561 consilio
1222 1513 1529 1578 prudentium
1557 1513 1642 1560 ho-

232 1591 589 1656 nestiorumque
631 1593 830 1640 civitatis
870 1609 920 1638 se
963 1592 1293 1639 honestissima
1331 1590 1642 1656 responsione

231 1667 520 1730 tutabantur,
543 1679 858 1734 poterantque
883 1686 1070 1734 semper
1091 1669 1259 1716 eadem
1285 1685 1334 1715 se
1366 1668 1642 1715 defensione

232 1748 380 1805 tueri,
416 1747 454 1793 si
485 1748 534 1794 in
562 1747 730 1794 eadem
761 1748 990 1795 sententia
1024 1746 1149 1794 firmi
1178 1747 1411 1811 solidique
1446 1746 1644 1793 fuissent

231 1839 287 1871 ac
309 1826 589 1873 mansissent
602 1827 631 1870 ⁴.
662 1828 957 1890 Responsum
975 1825 1103 1871 enim
1129 1834 1244 1872 tunc
1268 1824 1482 1872 consulte
1503 1823 1643 1871 dede·

285 1999 322 2034 1.
351 1997 622 2049 Appreciation
642 1998 866 2037 tres-fausse
884 1998 951 2037 des
973 1999 1215 2051 dispositions
1234 1998 1285 2037 du
1305 1998 1399 2046 duc,
1424 2000 1491 2051 qui
1510 2012 1642 2051 regar-

232 2055 312 2094 dait
329 2056 366 2095 le
383 2057 493 2095 traite
512 2057 560 2096 de
578 2058 753 2096 Perenne
771 2071 921 2097 comme
942 2072 1079 2110 rompu
1103 2072 1174 2111 par
1191 2059 1228 2097 la
1247 2059 1442 2111 reception
1461 2059 1510 2098 de
1527 2062 1641 2098 War-

232 2114 327 2153 wick
348 2115 605 2164 (Chastelain‚
625 2125 722 2168 part,
746 2120 825 2165 ΙΙΙ,
851 2117 913 2155 ch.
943 2121 1097 2166 cxcix),
1121 2117 1215 2156 mais
1239 2118 1306 2168 qui
1329 2117 1477 2168 croyait
1499 2117 1531 2155 si
1551 2117 1641 2156 bien

234 2173 408 2213 dominer
433 2175 550 2213 Louis
572 2177 629 2213 XI
655 2189 725 2227 par
747 2177 785 2214 la
808 2190 920 2228 peur,
947 2178 1041 2228 qu’il
1063 2191 1115 2216 ne
1135 2191 1175 2216 se
1200 2178 1329 2216 donna
1349 2178 1384 2215 la
1401 2178 1514 2229 peine
1533 2178 1574 2215 ni
1593 2177 1641 2216 de

235 2233 365 2272 reunir
387 2247 447 2272 ses
480 2242 656 2285 troupes,
683 2235 724 2272 ni
742 2236 790 2273 de
809 2245 944 2274 mettre
969 2249 1017 2274 en
1043 2237 1119 2275 e'tat
1138 2237 1186 2275 de
1205 2237 1360 2275 defense
1385 2237 1440 2275 les
1464 2236 1574 2275 vines
1593 2237 1641 2275 de

235 2291 272 2330 la
301 2294 473 2342 Somme,
494 2294 662 2345 quoique
686 2295 721 2333 le
743 2295 819 2333 duc
842 2296 891 2333 de
911 2296 1092 2334 Bourbon
1110 2297 1167 2335 lui
1188 2299 1252 2335 eut
1275 2297 1401 2336 donne
1421 2310 1511 2334 sous
1539 2296 1641 2334 main

234 2349 344 2389 l'avis
362 2350 429 2390 des
445 2353 586 2403 projets
604 2366 680 2404 que
699 2353 734 2391 le
753 2355 811 2392 roi
831 2355 983 2393 formait
1008 2363 1141 2393 contre
1169 2369 1231 2394 ces
1262 2355 1385 2400 villes.
1407 2355 1639 2402 Commines,

236 2409 264 2446 l.
283 2412 355 2458 111,
374 2411 435 2451 ch.
456 2426 486 2450 1.

290 2470 326 2507 2.
355 2473 410 2509 Le
430 2473 454 2508 2
474 2472 615 2510 sevrier
634 2475 730 2511 1471
743 2502 751 2510 .

291 2530 330 2567 3.
359 2531 428 2568 Ces
451 2532 728 2570 commissaires
754 2532 894 2570 etaient
918 2532 973 2570 les
997 2532 1193 2584 seigneurs
1218 2533 1266 2571 de
1289 2536 1427 2584 Torcy,
1448 2533 1496 2571 de
1515 2535 1641 2571 Beau-

240 2595 346 2625 mont
369 2596 407 2625 et
428 2589 476 2627 de
500 2590 693 2629 Puisieux.
714 2591 808 2628 Voir
831 2591 867 2628 le
890 2591 984 2628 recit
1004 2591 1075 2628 tire
1094 2590 1160 2629 des
1179 2592 1358 2643 registres
1378 2592 1425 2630 de
1445 2592 1573 2630 l'hotel
1594 2591 1642 2629 de

239 2647 330 2685 ville
350 2647 544 2687 d’Amiens
567 2652 686 2702 (Aug.
708 2650 883 2701 Thierry‚
903 2651 1059 2689 Recueil
1085 2651 1152 2689 des
1178 2654 1421 2689 Monuments
1439 2651 1575 2689 inedits
1595 2650 1642 2688 de

239 2706 432 2744 l'Histoire
450 2707 503 2745 du
519 2703 749 2757 Tiers-Etat‚
772 2718 799 2748 t.
822 2713 880 2758 11,
901 2724 940 2761 p.
965 2712 1062 2758 329)
1073 2740 1084 2758 ,
1106 2711 1200 2748 recit
1217 2711 1334 2749 d'une
1352 2720 1537 2749 tournure
1555 2719 1642 2761 trop

240 2765 434 2814 officielle,
454 2774 492 2804 et
508 2767 599 2817 qu’il
618 2768 754 2806 faudra
773 2769 948 2807 modifier
968 2783 1036 2820 par
1054 2769 1153 2807 celui
1171 2769 1220 2807 de
1237 2770 1400 2808 Thomas
1418 2770 1544 2809 Basin.

294 2826 333 2862 4.
364 2824 414 2862 Ils
429 2838 455 2875 y
469 2826 634 2863 seraient
648 2827 766 2864 restes
781 2827 811 2864 si
829 2827 863 2864 te
878 2827 952 2865 duc
968 2828 1016 2866 de
1030 2831 1274 2880 Bourgogne,
1290 2829 1357 2878 qui
1372 2828 1463 2866 etait
1477 2841 1643 2866 accouru
