2054 3470
762 326 909 363 LIBER
936 324 1135 362 PRIMUS.
1602 326 1653 362 85

249 417 310 465 ad
329 417 523 482 propria
541 413 876 474 remeantibus,
896 429 996 460 non
1016 413 1168 460 multo
1187 422 1298 478 post
1313 421 1547 477 tempore,
1572 428 1654 462 rex

249 495 411 542 animo
425 509 512 541 suo
522 491 661 539 variis
676 491 936 555 exagitatus
948 491 1073 538 curis
1088 500 1133 538 et
1150 489 1578 556 phantasmatibus,
1593 493 1654 539 ad

249 571 465 619 visendas
490 579 636 617 terras
658 585 765 616 suas
792 567 1014 616 Picardiae
1028 604 1040 627 ,
1074 585 1192 632 quas
1219 567 1511 628 redemerat,
1541 586 1655 633 pro-

250 649 396 696 fectus
418 648 525 707 est¹3
546 655 594 693 et
611 646 807 693 visitans
823 645 1082 692 Ambianos
1103 655 1150 692 et
1172 644 1603 704 Abbatisvillenses,
1626 663 1651 693 a

249 723 430 772 civibus
458 732 506 771 et
532 723 721 789 populis
748 722 989 782 locorum,
1020 723 1103 786 qui
1134 738 1218 787 per
1246 722 1476 787 plurimos
1502 738 1656 771 annos

250 816 405 865 regem
438 803 731 848 Francorum
759 799 947 847 nullum
978 800 1026 846 in
1059 799 1155 846 suis
1187 798 1378 864 oppidis
1414 799 1652 862 viderant,

248 894 360 926 cum
381 880 564 942 magnis
585 878 823 925 alacritate
844 887 891 924 et
910 877 1099 924 honore
1121 886 1192 924 est
1214 887 1453 942 exceptus·

316 955 526 1002 Visitavit
539 963 586 1002 et
602 956 960 1014 Tornacenses’‚
983 955 1066 1018 qui
1085 971 1196 1002 eum
1216 954 1396 1018 magnis
1415 953 1659 1002 donarunt

249 1032 555 1093 muneribus3
598 1032 683 1079 sed
724 1031 881 1096 (quod
920 1024 1020 1078 non'
1058 1047 1228 1096 pamm
1269 1048 1388 1096 aegre
1421 1031 1655 1092 tulerunt,

247 1124 411 1156 verum
436 1110 504 1157 eis
527 1109 703 1157 durum
731 1108 1083 1172 molestumque
1111 1108 1224 1171 fuit)
1253 1108 1380 1156 hanc
1405 1110 1473 1156 eis
1501 1110 1659 1174 gratiae

247 1196 295 1234 et
310 1185 529 1234 beneficii
546 1186 765 1252 rependit
786 1185 1173 1245 vicissitudinem,
1193 1186 1327 1250 quod
1351 1188 1550 1248 exsules,
1576 1188 1659 1252 qui

247 1280 337 1329 pro
357 1265 499 1312 variis
518 1264 787 1311 homicidiis
810 1273 857 1311 et
880 1263 1158 1311 criminibus
1180 1264 1370 1311 civitate
1390 1265 1512 1329 pulsi
1536 1283 1660 1330 pro-

190 1342 196 1348 “
248 1341 504 1406 scriptique
539 1342 792 1406 justissime
830 1341 1016 1388 fuerant
1029 1377 1041 1400 ,
1080 1357 1224 1407 supra
1259 1342 1656 1407 quadringentos,

247 1417 423 1464 civitati
440 1418 654 1465 restituit.
678 1421 895 1475 Quorum
916 1417 1070 1465 reditu
1091 1419 1256 1482 utique
1277 1435 1378 1466 non
1398 1420 1447 1466 in
1470 1420 1655 1478 melius,

249 1493 334 1541 sed
361 1494 411 1541 in
430 1495 636 1542 deterius
657 1495 825 1542 eadem
846 1495 1007 1542 civitas
1025 1505 1207 1543 mutata
1224 1506 1311 1554 est,
1334 1505 1406 1543 tot
1423 1497 1659 1546 sceleratis

250 1580 297 1618 et
318 1571 539 1634 inquietis
559 1571 719 1620 farcita
740 1572 1023 1619 criminosis.

313 1647 529 1694 Visitavit
557 1648 701 1694 etiam
727 1658 775 1694 et
798 1647 931 1694 illum
960 1647 1188 1695 illustrem
1213 1647 1508 1714 Philippum,
1542 1654 1660 1698 Bur-

250 1721 548 1784 gundionum
569 1723 764 1782 ducem,
791 1724 841 1770 in
867 1740 954 1770 suo
979 1723 1162 1789 oppido
1183 1724 1245 1772 de
1270 1724 1548 1785 Hesdc'nch',
1574 1727 1660 1791 qui

248 1799 298 1845 in
322 1799 422 1863 ejus
444 1815 551 1846 arce
572 1799 662 1847 sibi
684 1800 897 1865 praebens
919 1800 1176 1865 hospitium
1202 1802 1330 1865 (quae
1349 1802 1661 1867 magnificen—

248 1876 424 1923 tissime
446 1879 739 1924 constructa⁸
754 1887 799 1924 et
820 1878 1085 1924 necessario
1104 1878 1422 1926 instrumento
1438 1896 1494 1927 ac
1506 1881 1663 1944 supel-

248 1952 399 2000 lectile
420 1954 757 2018 pretiosissima
777 1953 839 2001 ab
863 1953 1088 2002 omnibus
1111 1971 1212 2002 esse
1235 1956 1466 2005 instructa
1495 1958 1661 2023 perhi-

249 2028 492 2094 bebatur),
532 2047 644 2078 eum
679 2030 1060 2096 splendidissime
1096 2034 1396 2097 procuravit,
1430 2037 1660 2100 permissa

305 2223 343 2261 1.
371 2222 528 2262 Erreur.
557 2225 612 2261 Le
630 2222 690 2260 roi
708 2222 750 2261 fit
767 2223 870 2261 deux
885 2235 1054 2276 voyages
1075 2236 1124 2262 en
1155 2224 1329 2263 Picardie
1344 2256 1353 2272 ,
1376 2225 1459 2264 l’un
1481 2235 1598 2265 avant
1625 2227 1662 2267 le

252 2279 381 2320 rachat
395 2310 406 2329 ,
425 2294 472 2319 en
493 2283 594 2320 1463
608 2313 618 2330 ,
642 2281 798 2331 l’autre,
817 2282 885 2333 qui
909 2290 964 2320 est
993 2282 1092 2321 celui
1115 2282 1209 2322 dont
1226 2284 1393 2323 l’auteur
1415 2294 1510 2324 veut
1531 2287 1662 2338 parler

251 2338 321 2386 ici,
340 2339 435 2378 dans
450 2340 539 2378 l’ete
557 2340 606 2379 de
624 2342 744 2380 1464.

305 2399 344 2438 2.
372 2402 426 2436 Le
442 2412 591 2452 voyage
616 2399 669 2437 du
691 2399 748 2437 roi
772 2401 794 2437 ὲ
813 2402 993 2451 Toumay
1013 2409 1070 2439 est
1091 2401 1143 2439 du
1165 2401 1265 2447 mois
1294 2402 1343 2441 de
1366 2403 1509 2443 fevrier
1537 2407 1640 2443 1464

308 2457 345 2494 3.
374 2461 408 2495 A
427 2457 595 2506 Hesdin,
619 2471 667 2496 en
685 2459 826 2496 Artois.
853 2462 906 2497 Le
932 2459 992 2497 roi
1015 2474 1042 2510 y
1060 2461 1135 2498 alla
1159 2474 1208 2499 en
1233 2463 1334 2500 1463
1355 2471 1394 2500 et
1415 2476 1464 2501 en
1485 2466 1603 2504 1464.
1627 2464 1659 2502 Il

255 2515 364 2566 s’agit
378 2516 427 2554 ici
445 2517 493 2555 de
510 2517 549 2555 la
567 2517 744 2556 derniere
762 2519 873 2557 visite
895 2522 906 2566 (
914 2519 1138 2568 juin-juillet
1158 2523 1259 2560 1464
1271 2525 1297 2569 ).

307 2575 347 2610 4.
374 2591 392 2608 ιι
416 2576 556 2627 Lequel
582 2577 750 2625 chastel,
777 2591 926 2617 comme
955 2592 1006 2617 on
1033 2579 1167 2627 discit,
1187 2580 1300 2618 estoit
1329 2581 1366 2619 le
1384 2581 1471 2633 plus
1497 2582 1595 2628 fort,
1623 2582 1660 2620 lc

255 2632 341 2683 plus
362 2631 458 2671 beau
490 2642 528 2672 et
551 2635 588 2672 le
616 2635 702 2687 plus
729 2645 960 2689 somptueux
976 2638 1118 2677 chastel
1142 2639 1190 2677 de
1210 2641 1355 2677 France
1371 2671 1382 2689 ‚
1407 2649 1444 2678 et
1463 2654 1488 2691 y
1506 2640 1661 2678 avoient

255 2689 344 2727 saict
367 2690 459 2728 saire
478 2691 516 2729 le
535 2692 608 2730 duc
624 2694 745 2732 Jehan
765 2695 813 2734 de
832 2699 1062 2749 Bourgogne
1080 2706 1118 2736 et
1143 2699 1238 2737 ledit
1255 2699 1330 2737 duc
1346 2700 1543 2751 Philippes
1557 2728 1567 2746 ,
1588 2712 1658 2736 son

254 2748 333 2796 fils,
350 2748 471 2787 moult
485 2749 725 2804 d'ouvraiges
746 2763 784 2792 et
800 2768 949 2794 comme
967 2764 1050 2795 tout
1067 2759 1165 2796 neuf
1172 2789 1182 2806 ,
1203 2758 1252 2797 de
1268 2759 1362 2797 fond
1380 2771 1429 2796 en
1448 2757 1611 2796 comble.
1636 2775 1654 2790 n

253 2809 415 2857 Jacques
434 2807 643 2860 Duclercq,
660 2813 876 2862 Me'moioes,
894 2814 923 2851 l.
940 2817 985 2862 V,
1001 2829 1034 2854 c.
1054 2829 1098 2854 11.
