2054 3470
360 337 438 374 154
725 337 1070 376 HISTORIARUM
1096 338 1334 378 LU'DOVIGI
1359 340 1418 378 XI

357 423 514 485 mine,
555 423 820 474 custodiam
841 435 889 473 et
926 424 1183 475 officiarios
1216 426 1280 475 ad
1315 427 1777 491 administrationem

357 502 560 551 civitatis
581 513 628 552 et
650 504 830 568 patriae.

423 583 530 640 Qua
569 581 771 647 perfidia
808 581 939 635 idem
969 580 1067 630 dux
1101 582 1330 634 Borbonii
1364 601 1464 632 non
1502 594 1774 646 contentus,

355 659 583 711 eumdem
605 660 749 708 etiam
772 659 940 707 dolum
960 660 1009 707 in
1033 661 1270 708 Vernonis
1299 662 1508 727 oppid0‚
1536 662 1659 711 duce
1688 680 1777 728 op·
1824 658 1829 665 ’

356 738 474 791 timo
488 737 792 785 Normanniae
809 737 971 786 omnia
993 754 1051 785 ex
1072 737 1200 785 bona
1221 737 1317 786 fide
1336 741 1413 804 agi
1433 740 1608 788 debere
1626 741 1777 790 existi-

355 826 534 876 mante,
572 815 788 877 admisit,
827 815 986 880 ipsum
1024 815 1245 879 nequiter
1285 826 1332 864 et
1369 817 1627 874 infideliter
1661 835 1775 884 spo·

352 892 517 943 liando
540 903 589 941 et
610 892 700 940 sub
717 893 840 957 regis
862 902 1143 958 potestatem
1165 893 1481 954 traducendo.

417 970 512 1021 Sed
547 980 595 1018 et
628 970 742 1022 alias
770 970 915 1020 etiam
940 970 1084 1034 longe
1111 971 1476 1035 periculosiores
1501 971 1590 1020 sihi
1615 988 1646 1031 a
1665 989 1776 1039 rege

351 1048 548 1098 insidias
571 1047 704 1103 idem
732 1047 830 1099 dux
858 1047 1014 1109 tendi,
1040 1047 1369 1097 advisamento
1392 1050 1664 1115 aliquorum
1683 1050 1775 1099 sibi

351 1126 740 1180 fidelissimorum
751 1161 767 1184 ,,
791 1142 914 1189 quos
932 1125 995 1186 de
1016 1125 1323 1191 Rothomago
1345 1144 1509 1191 secum
1534 1129 1587 1193 iu
1606 1128 1773 1193 gons}

348 1203 512 1259 [iarios
541 1211 885 1268 assumpserat,
921 1201 1135 1266 agnovit.
1175 1203 1360 1259 Certior
1389 1204 1524 1267 ,enirn
1562 1220 1655 1269 ¹per
1684 1220 1775 1266 ‚eos

348 1281 498 1340 saeuis
527 1280 616 1334 fuit
644 1280 766 1349 (qui
787 1279 986 1342 ‚midias
1006 1279 1340 1343 hujuscemodi
1354 1318 1370 1345 ,
1392 1280 1492 1345 fide
1511 1269 1776 1346 dignorum

348 1359 525 1418 relatu,
571 1367 843 1423 compertas
881 1356 1158 1421 habebant)
1192 1358 1395 1422 qualiter
1430 1358 1498 1421 ad
1542 1351 1676 1414 ‚villas
1713 1358 1775 1418 de

348 1435 558 1487 Conchis
591 1446 639 1483 et
668 1435 730 1485 de
753 1437 984 1500 Passeyo¹
1005 1435 1215 1500 aliasque
1243 1437 1425 1494 vicinas
1451 1453 1536 1495 rex
1567 1437 1700 1495 vaste
1727 1446 1776 1495 et

347 1515 518 1570 callide
531 1553 543 1576 ‚
559 1514 855 1581 ¹pmecedenti
876 1524 1020 1573 nocte
1035 1551 1047 1574 ‚
1078 1515 1280 1566 misisset
1298 1514 1669 1580 quadringentas
1685 1525 1775 1578 aut

347 1595 633 1659 quingentas
651 1594 868 1654 lanceaS,
904 1592 1131 1658 aquibus
1145 1631 1158 1655 ‚
1181 1610 1294 1644 cum
1317 1593 1420 1642 aliis
1442 1610 1548 1659 quae
1574 1593 1676 1650 sine
1698 1594 1773 1640 in·

347 1673 666 1739 tei-polatione
699 1670 1035 1731 conflue-bant,
1079 1680 1223 1719 nocte
1254 1671 1502 1736 proxima,
1538 1671 1630 1732 nisi
1660 1669 1774 1728 inde

346 1749 614 1803 discederet
627 1787 640 1811 ‚
654 1758 759 1798 *erat
774 1747 1027 1801 obsidione
1045 1747 1359 1804 claudendus.
1379 1750 1439 1799 Et
1460 1747 1556 1796 hoc
1575 1746 1771 1813 quidem

346 1909 464 1935 venu.
489 1899 539 1935 Et
564 1906 726 1949 pensant
746 1896 897 1936 mondit
918 1895 1101 1950 seigneur
1125 1896 1175 1935 de
1197 1896 1380 1935 Bourbon
1405 1908 1482 1947 que
1508 1895 1566 1947 les
1590 1893 1772 1934 matieres

344 1969 386 1995 se
401 1955 584 1994 deussent
597 1957 753 1995 traicter
767 1970 838 2008 par
847 1956 1051 2004 doulceur‚
1068 1955 1095 1993 il
1109 1955 1193 1994 vint
1205 1955 1365 2006 jusques
1381 1956 1401 1992 ὲ
1413 1947 1592 1992 Evreux:
1609 1953 1772 1992 l'entree

343 2016 393 2055 de
421 2015 589 2067 laquelle
616 2016 708 2055 ville
738 2015 794 2054 lui
826 2016 883 2054 fut
912 2015 1063 2054 refusee
1096 2028 1168 2067 par
1192 2014 1318 2053 Jehan
1349 2013 1398 2052 de
1425 2012 1634 2061 Lorraine,
1667 2025 1771 2051 non-

343 2075 497 2114 obstant
512 2088 589 2126 que
605 2075 754 2114 mondit
773 2075 955 2128 seigneur
970 2075 1018 2113 de
1034 2073 1220 2113 Bourbon
1237 2074 1305 2127 luy
1321 2081 1407 2112 eust
1423 2073 1480 2112 dit
1495 2081 1534 2111 et
1548 2072 1701 2111 declar&
1715 2072 1772 2111 les

343 2148 478 2174 causes
497 2135 546 2174 de
565 2147 606 2173 sa
626 2147 755 2173 venue
777 2143 815 2173 et
833 2134 958 2172 offrist
975 2133 1066 2172 telle
1084 2133 1227 2180 seurte,
1248 2147 1350 2185 pour
1367 2134 1406 2172 le
1424 2132 1491 2172 fait
1512 2131 1562 2171 de
1578 2131 1648 2184 luy
1665 2140 1704 2172 et
1722 2131 1771 2171 de

342 2195 483 2234 ladicte
500 2194 609 2244 ville,
628 2194 724 2246 qu'il
743 2203 828 2232 eust
846 2193 969 2232 voulu
991 2192 1217 2232 demander.
1241 2195 1393 2244 Voyant
1413 2190 1619 2242 lesquelles
1633 2190 1771 2230 choses

343 2254 439 2293 ledit
456 2254 731 2307 monseigneur
751 2254 800 2293 de
817 2254 1016 2301 Bourbon,
1032 2262 1071 2292 et
1088 2256 1208 2305 qu'on
1223 2254 1330 2292 avoit
1346 2254 1419 2293 mis
1431 2252 1614 2307 garnison
1628 2253 1653 2290 a
1667 2254 1772 2291 Lou-

343 2313 470 2364 viers,
499 2322 538 2352 et
561 2313 656 2364 qu’il
685 2313 797 2352 estoit
821 2312 915 2352 voix
940 2326 1146 2352 commune
1170 2326 1247 2364 que
1276 2321 1391 2366 grant
1418 2310 1583 2352 nombre
1609 2310 1658 2349 de
1677 2323 1770 2362 gens

344 2374 511 2412 d'armes
529 2373 714 2412 venoient
731 2372 839 2411 audit
856 2365 1029 2420 Evreux,
1050 2372 1201 2411 mondit
1220 2372 1402 2425 seigneur
1420 2371 1469 2410 de
1485 2369 1671 2409 Bourbon
1687 2372 1770 2408 s’en

343 2441 527 2472 retourna
536 2432 644 2472 audit
653 2432 732 2471 lieu
740 2432 788 2470 de
801 2435 949 2471 Dreux.
966 2449 983 2465 n
1000 2435 1251 2480 (Documents
1264 2431 1419 2480 inedits‚
1436 2432 1654 2480 Melange&
1669 2437 1698 2467 t.
1713 2431 1768 2478 11,

342 2508 384 2547 p.
401 2497 513 2541 431.)
533 2493 778 2545 Cependant,
807 2506 958 2532 comme
975 2493 1140 2531 Thomas
1159 2492 1275 2531 Basin
1299 2490 1450 2531 revient
1467 2503 1534 2528 sur
1552 2502 1595 2528 sa
1612 2489 1769 2539 version

343 2554 440 2593 dans
456 2566 524 2592 son
541 2557 569 2591 A
575 2553 753 2605 pologie(
763 2553 791 2591 1.
807 2556 841 2603 I,
862 2567 896 2592 c.
913 2568 954 2591 π
966 2556 994 2603 ),
1013 2561 1050 2592 et
1065 2553 1210 2604 qu’une
1229 2552 1319 2592 telle
1336 2551 1541 2591 insistance
1554 2563 1604 2589 ne
1619 2557 1770 2602 permet

344 2627 413 2667 pas
432 2614 482 2653 de
503 2613 630 2652 croire
652 2613 745 2665 qu'il
773 2626 817 2653 se
840 2613 915 2652 soit
939 2614 1092 2666 trompe
1110 2613 1159 2652 de
1178 2622 1262 2652 tout
1278 2613 1410 2665 point,
1431 2612 1459 2650 il
1482 2612 1563 2649 faut
1580 2610 1768 2649 admettre

343 2687 421 2726 que
441 2674 478 2713 le
500 2686 642 2724 moyen
665 2686 736 2725 par
761 2673 889 2725 lequel
910 2674 948 2712 le
968 2673 1044 2712 duc
1069 2673 1117 2711 de
1144 2672 1328 2711 Bourbon
1355 2671 1546 2723 s’empara
1570 2661 1768 2710 d’Evreux

343 2734 402 2773 fut
426 2748 479 2773 un
503 2734 731 2786 stratageme
749 2732 919 2786 imagine
940 2747 1011 2786 par
1027 2732 1103 2782 lui,
1123 2733 1237 2785 apres
1255 2732 1350 2784 qu'il
1369 2740 1435 2771 eut
1452 2730 1590 2783 essuye
1607 2730 1645 2769 le
1662 2729 1768 2769 refus

343 2794 395 2834 de
408 2797 431 2833 J
433 2807 505 2834 ean
523 2793 572 2832 de
589 2792 790 2832 Lorraine.

398 2857 417 2893 1
429 2886 437 2895 .
456 2854 629 2895 Conches
644 2863 683 2894 et
698 2856 815 2906 Pacy,
835 2852 1083 2903 aujourd'hui
1101 2852 1198 2891 dans
1215 2852 1252 2891 le
1269 2851 1533 2904 departement
1551 2850 1600 2888 de
1617 2850 1762 2889 l’Eure.
