2054 3470
709 302 855 353 'menn
893 301 1164 353 senuimus.
1574 317 1650 356 119

232 405 360 454 bello
382 403 573 470 aggredi
607 408 654 451 et
684 404 795 450 curn
819 405 878 449 ‘eo
913 401 1161 449 dimicare.
1192 402 1426 450 'Nonnulli
1454 403 1650 468 quidem

235 482 395 531 conati
418 481 527 530 su'iit
545 479 819 528 conflicturi]
846 478 908 527 ad
931 478 1210 543 'sequentem
1234 478 1363 526 diem
1390 478 1545 527 facere
1564 480 1650 528 dif-

235 558 364 620 fei‘ri,
389 564 448 606 eo
464 556 599 622 'quod
621 556 732 621 equi
750 557 893 620 atque
918 555 1088 603 milites
1107 555 1216 603 lassi
1232 556 1278 603 et
1297 556 1473 620 fatigati
1494 556 1653 604 forent

235 649 292 684 ex
333 635 473 684 celeri
511 639 558 682 εἴ
597 634 743 699 lon'ga
787 634 1077 698 equitatione
1096 635 1134 693 ¹,
1181 634 1322 681 etiam
1362 623 1494 699 quod
1539 635 1652 683 solis

233 715 394 773 aestus,
421 712 503 777 'qui
539 722 655 759 tunc
694 712 805 760 satis
838 710 1152 759 incalescebat
1181 711 1323 775 (nam
1348 713 1526 760 mensis
1545 713 1650 777 julii

235 787 370 855 erat),
392 798 439 838 et
454 789 675 838 h'bmines
698 793 744 837 'et
766 794 918 854 eq'uos
941 789 1203 855 plurimum
1226 789 1528 852 aggravabat.
1558 791 1652 838 Sed

232 869 351 934 regis
371 875 599 916 accensus
626 867 829 915 'nimium
854 868 904 915 in
933 867 1096 915 hostes
1131 867 1265 915 furor
1299 866 1348 914 id
1376 868 1651 934 permittere

231 955 326 995 non
338 947 518 1012 potuit.

292 1013 562 1092 Dispb'sitis)
587 1024 749 1089 itaque
797 1023 1019 1088 utrinque
1065 1023 1284 1085 aciebus,
1329 1024 1438 1071 satis
1484 1025 1654 1074 acriter

227 1111 493 1167 pugnatum
516 1111 614 1162 est,
638 1101 847 1149 confusis
867 1097 1030 1149 tarne'n
1053 1105 1099 1149 'et
1126 1102 1324 1149 ‘minime
1348 1102 1543 1150 servatis
1569 1120 1648 1150 or-

227 1175 449 1237 dinibus3
475 1178 559 1227 [sed
591 1195 646 1226 ex
679 1180 880 1243 utraque
914 1184 1048 1244 parte
1080 1195 1234 1244 pavor
1270 1188 1316 1226 et
1352 1181 1505 1226 metus
1540 1181 1650 1228 satis

230 1257 430 1324 turpiter
446 1257 495 1306 ‘et
518 1259 834 1322 ignominiose
856 1258 1105 1325 perplures
1129 1259 1291 1324 fugam
1312 1258 1520 1323 arripere
1539 1274 1652 1305 coe-

228 1332 309 1400 git.
341 1334 406 1382 Ex
430 1336 551 1399 'regis
574 1337 805 1395 enemim,
833 1335 886 1384 'ut
916 1332 1169 1394 ferebatur,
1200 1339 1363 1384 co'mes
1386 1333 1654 1384 Cenoman-

228 1413 346 1460 niae²
390 1423 438 1460 et
483 1414 709 1461 dominus
743 1414 804 1462 de
838 1414 1230 1462 Monte-Albani⁸
1269 1416 1381 1461 curn
1421 1413 1653 1461 sexcentis

227 1485 302 1537 vel
324 1488 633 1555 septingentis
653 1481 829 1538 lanceis
846 1527 857 1549 ‚
889 1486 1108 1539 h‘ostib‘us
1130 1508 1220 1539 nec
1239 1491 1350 1538 visis
1372 1526 1384 1549 ,
1409 1491 1501 1537 nisi
1529 1491 1651 1539 forte

228 1564 290 1613 de
306 1566 497 1631 'pi‘ccuL
525 1558 685 1632 fug'atn
711 1568 911 1632 turpiter
937 1572 1239 1633 acceperunt.
1275 1567 1498 1614 Similiter
1520 1570 1567 1614 et
1588 1567 1650 1615 de

232 1636 627 1708 Burgundionum
649 1645 854 1692 exercitu
877 1643 1166 1704 ¹serebantur,
1200 1656 1296 1693 tam
1324 1644 1385 1692 de
1410 1643 1650 1708 equitibus

228 1727 372 1786 quam
405 1722 466 1769 de
499 1712 763 1788 peditibus,
798 1723 907 1787 fuga
935 1723 1080 1789 elapsi
1113 1723 1236 1771 ultra
1269 1733 1476 1787 quatuor
1506 1720 1650 1770 millia

227 1798 462 1859 vir’oru'mss
489 1817 516 1847 e
540 1799 713 1880 quibus
745 1799 962 1866 profecte
996 1801 1131 1848 multi
1156 1802 1262 1849 caesi
1290 1797 1512 1866 captique
1548 1800 1648 1848 fue-

225 1877 361 1935 runt,
398 1836 494 1924 talin
528 1878 556 1925 a
586 1877 771 1925 rusticis
802 1879 986 1944 Patriae,
1013 1895 1158 1943 quam
1191 1878 1253 1926 ab
1283 1878 1474 1926 armatis
1509 1878 1648 1942 regiis

225 1944 309 2020 qui
334 1961 451 2003 tunc
474 1959 563 2021 pro
583 1948 800 2003 custodia
833 1955 1016 2004 Parisiis
1037 1966 1188 2005 erant
1222 1956 1316 2015 Qui
1339 1973 1388 2004 se
1410 1971 1496 2022 per
1514 1973 1644 2003 cam·
1682 2014 1685 2019 s

222 2044 311 2097 pos
334 2020 584 2081 fundentes
618 2043 664 2081 et
698 2033 890 2094 vineas,
928 2034 1218 2100 fugientibus
1241 2034 1444 2099 graviter
1485 2033 1642 2081 immi-

224 2104 417 2158 nebant.

287 2184 342 2233 In
365 2190 422 2235 ea
450 2191 565 2234 vero
590 2192 696 2252 q'uae
719 2190 940 2236 'conserta
962 2187 1032 2236 est
1053 2188 1215 2253 pugna
1230 2227 1243 2247 ,
1268 2183 1373 2254 ipso
1410 2188 1519 2236 loco
1552 2205 1642 2254 pu-

225 2266 351 2327 gnae,
396 2265 570 2311 mortui
612 2265 672 2311 de
719 2266 940 2330 utrinque
984 2266 1164 2313 inventi
1204 2277 1316 2313 sunt
1354 2283 1506 2332 prope
1545 2265 1643 2313 duo

225 2338 385 2387 millia.
418 2334 651 2388 Dicebant
682 2342 795 2405 regii
818 2342 979 2411 plures
1000 2360 1027 2390 e
1049 2340 1502 2406 Burgundionibus,
1528 2346 1643 2390 Bur-

225 2402 490 2483 gundicnes
511 2435 625 2466 vero
656 2437 680 2465 e
712 2421 904 2466 Francis
926 2417 1084 2485 plures
1116 2419 1358 2468 cecidisse.
1388 2419 1459 2468 Ibi
1483 2420 1641 2469 autem

225 2491 383 2558 plures
416 2496 526 2560 equi
555 2498 667 2544 cum
702 2498 814 2544 viris
845 2494 1119 2563 interempti
1151 2507 1287 2560 sunt,
1324 2508 1371 2546 et
1402 2508 1502 2546 erat
1531 2499 1643 2546 satis

227 2570 527 2620 lamentabile
558 2575 684 2621 viros
718 2574 844 2623 inter
875 2591 1071 2622 acervos
1109 2592 1345 2640 equorum
1367 2585 1641 2642 peremptos

283 2707 402 2745 1.11s
421 2708 561 2747 etaient
581 2723 702 2750 venus
722 2710 770 2750 de
787 2711 901 2750 Riom
925 2725 973 2751 en
994 2712 1089 2750 dix
1075 2726 1198 2762 Jours.

280 2754 320 2804 2.
350 2764 506 2806 Charles
522 2764 556 2805 d’
562 2770 704 2818 Anjou,
724 2780 846 2809 comte
866 2771 919 2809 du
938 2772 1078 2812 Maine.

282 2828 319 2864 3.
351 2829 446 2864 Jean
464 2827 512 2865 de
532 2829 779 2878 Montauban,
801 2830 934 2869 amiral
953 2831 1001 2869 de
1020 2833 1180 2870 France.
