2054 3470
798 327 944 363 mmm
967 325 1209 372 QUARTUS.
1635 324 1708 361 297

307 418 410 462 Deo
439 415 624 463 homini
656 413 882 461 collatum
919 421 1004 471 est,
1030 410 1214 460 efficere
1245 411 1404 475 potuit
1439 419 1519 469 ut,
1546 409 1710 456 divino

308 495 478 540 timore
518 492 718 556 abjecto,
758 489 984 538 naturalis
1029 488 1216 536 foederis
1258 497 1402 550 atque
1442 487 1711 533 arctissimae

309 569 682 626 necessitudiniS,
706 577 752 615 et
779 567 924 614 totius
948 566 1081 614 famae
1100 575 1146 612 et
1167 565 1366 617 honoris
1389 564 1460 612 sui
1488 563 1707 624 oblitum,

309 650 358 695 in
380 657 476 695 tam
491 644 773 694 exsecrabile
793 654 838 691 et
859 643 1153 691 horrendum
1176 642 1329 690 scelus
1342 642 1593 688 hominem
1616 641 1713 688 labi

309 724 445 772 faciat
480 732 527 770 et
562 737 715 770 ruere.
755 721 872 779 Quis
902 722 1030 768 enim
1064 719 1261 767 amicior
1301 734 1403 766 esse
1441 717 1592 783 possit
1632 728 1714 764 aut

309 799 477 848 debeat
506 815 649 864 quam
681 798 823 846 frater
854 797 1017 846 fratri?
1053 801 1109 844 Et
1132 808 1291 844 tamen
1324 796 1449 843 hanc
1472 795 1714 860 pernicio-

308 877 534 924 sissimam
557 875 838 923 dominandi
870 874 1177 940 cupiditatem
1196 883 1383 920 tantum
1405 873 1527 918 inter
1551 871 1715 918 fratres

308 956 467 1004 saevire
497 954 841 1019 conspicimus,
881 963 935 1000 ut
969 952 1070 1000 haec
1105 952 1366 999 arctissima
1399 959 1579 997 naturae
1609 950 1714 997 vin-

309 1032 413 1080 cula
445 1041 492 1079 et
517 1031 695 1078 soedera
726 1047 810 1078 sua
840 1030 1117 1093 impiissima
1154 1028 1432 1076 crudelitate
1470 1027 1712 1074 dissolvat.

310 1108 453 1167 Quod
474 1109 686 1174 profecto
708 1108 746 1154 si
767 1107 985 1166 laudem,
1023 1107 1062 1154 si
1101 1106 1297 1170 gloriam
1332 1105 1438 1169 quis
1470 1113 1714 1151 consecta-

309 1195 458 1243 retur,
483 1201 732 1249 nunquam
754 1202 839 1250 per
859 1194 955 1232 tam
976 1194 1140 1250 aperta
1160 1193 1207 1231 et
1230 1181 1505 1230 detestanda
1541 1182 1717 1228 scelera

309 1262 688 1310 dominationem
720 1263 930 1309 studeret
957 1263 1217 1325 acquirere.
1248 1282 1270 1305 ιε
1297 1262 1344 1307 Si
1368 1261 1526 1325 gloriae
1555 1276 1714 1320 causa,

312 1340 465 1403 inquit
487 1340 669 1400 Cicero,
695 1340 946 1404 imperium
961 1339 1279 1404 expetendum
1295 1348 1380 1398 est,
1404 1337 1557 1385 scelus
1575 1337 1715 1394 absit,

314 1415 362 1461 in
391 1433 488 1479 quo
514 1433 612 1463 non
632 1426 786 1481 potest
805 1432 906 1463 esse
923 1416 1087 1479 gloria.
1114 1435 1137 1460 »
1166 1415 1303 1462 Unde
1322 1416 1428 1479 jure
1450 1415 1575 1462 illius
1591 1414 1719 1461 illus-

314 1494 397 1540 tris
420 1494 618 1542 Fabricii
653 1495 827 1542 factum
851 1511 878 1542 a
902 1505 1068 1541 senatu
1098 1497 1318 1541 Romano
1348 1493 1593 1541 laudatum
1617 1503 1715 1553 est,

315 1569 376 1616 ad
398 1571 533 1634 cujus
557 1581 708 1618 castra
730 1587 840 1618 cum
866 1588 922 1617 ex
949 1571 1202 1618 comitibus
1228 1571 1415 1634 Pyrrhi,
1442 1571 1648 1635 potentis
1674 1580 1721 1616 et

317 1649 530 1708 generosi
561 1649 700 1712 regis,
734 1648 816 1712 qui
845 1665 943 1694 non
979 1664 1128 1712 parvo
1156 1648 1324 1694 terrori
1346 1657 1489 1711 atque
1508 1647 1720 1712 periculo

318 1725 543 1772 Romanis
576 1735 700 1786 erat,
737 1725 976 1788 transfuga
1006 1726 1227 1786 venisset,
1256 1726 1338 1790 qui
1361 1724 1450 1771 sibi
1472 1724 1723 1790 pollicere-

317 1811 410 1861 tur,
437 1803 474 1849 si
495 1803 740 1867 ptaemium
768 1803 811 1850 ei
834 1803 1157 1867 proposuisset
1179 1813 1321 1867 atque
1341 1803 1620 1868 promittere
1642 1818 1724 1848 vo-

317 1880 495 1939 luisset,
535 1896 602 1938 se,
642 1890 694 1926 ut
728 1880 852 1927 clam
883 1873 1218 1941 venisset‚'sic
1251 1891 1297 1927 et
1330 1881 1452 1927 clam
1491 1881 1538 1926 in
1573 1888 1723 1927 castra

322 1957 485 2022 Pyrrhi
519 1957 783 2004 rediturum
821 1968 868 2004 et
906 1974 1015 2004 eum
1047 1974 1234 2004 veneno
1275 1967 1574 2017 necaturum,
1612 1973 1723 2004 eum

318 2035 380 2082 ad
400 2034 633 2098 Pyrrhum
653 2033 991 2082 remittendum
1015 2035 1215 2094 curavit,
1244 2051 1333 2081 nec
1356 2033 1527 2081 talibus
1544 2033 1723 2081 artibus

319 2110 535 2158 nefandis
563 2121 610 2157 et
635 2111 840 2158 scelestis
869 2111 930 2159 de
960 2112 1289 2177 potentissimo
1313 2112 1475 2172 hoste,
1502 2111 1630 2158 nulla
1654 2120 1723 2158 ta-

319 2203 429 2233 men
453 2187 540 2233 sibi
563 2187 908 2234 necessitudine
936 2189 1211 2251 conjuncto,
1239 2188 1509 2235 nullatenus
1543 2188 1726 2234 curavit

320 2273 562 2328 reportare
591 2264 855 2310 victoriam.
890 2266 1185 2312 Generosum
1211 2265 1424 2330 profecto
1459 2275 1506 2311 et
1540 2265 1726 2311 virtutis

323 2339 575 2404 splendore
607 2350 830 2387 ornatum
862 2351 1028 2405 pectus
1066 2360 1076 2387 ι
1113 2342 1244 2404 quod
1274 2342 1456 2388 utinam
1486 2341 1578 2388 tale
1613 2341 1726 2387 huic

324 2417 564 2465 liudovico
594 2418 752 2465 fuisset
773 2428 915 2482 atque
934 2417 1076 2465 foret!
1107 2423 1210 2466 Non
1235 2420 1415 2467 fecisset
1439 2420 1619 2484 quippe
1642 2436 1725 2466 seu

323 2495 649 2554 consensisset,
673 2495 747 2542 vel
765 2495 1033 2543 mandasset
1057 2496 1158 2543 fieri
1179 2506 1276 2544 tam
1307 2496 1605 2544 horrendum
1634 2496 1725 2542 fra-

324 2569 581 2630 tricidium,
602 2572 730 2618 unde
742 2573 957 2636 posteriS‚
980 2574 1386 2635 quemadmodum
1406 2575 1540 2633 Cain,
1561 2577 1727 2618 Atreus

325 2654 371 2691 et
406 2645 645 2708 ThyesteS‚
674 2648 886 2695 Eteocles
919 2659 965 2696 et
1003 2650 1262 2713 Polynices,
1291 2661 1338 2698 et
1367 2649 1644 2714 hujusmodi
1668 2649 1727 2695 si-

328 2720 460 2767 miles
490 2722 538 2767 in
570 2722 777 2770 fabulam
800 2735 845 2772 et
868 2727 1254 2786 exsecrationem,
1279 2744 1367 2791 pro
1391 2728 1464 2782 sui
1482 2726 1727 2773 atrocitate

328 2797 530 2856 sceleris,
558 2809 832 2853 verteretur.
