2054 3470
756 363 904 402 LIBER
930 361 1130 399 PRIMUS.
1603 361 1652 397 39

239 458 391 506 multo
409 456 747 518 molestiorque
762 452 921 500 fuerit.
941 453 1063 498 Nam
1079 457 1127 496 et
1147 447 1215 496 illi
1235 447 1409 512 egregii
1429 447 1654 495 officiales

239 534 454 584 domanii
475 532 665 598 regalis,
691 530 778 596 qui
803 538 903 585 tam
930 527 1066 576 avide
1089 524 1374 574 factionibus
1400 523 1657 572 advocato-

239 630 347 662 rum
367 611 560 678 (quales
584 619 632 657 et
653 608 743 674 ipsi
765 607 898 670 sunt)
917 603 1198 670 hujusmodi
1215 601 1549 651 collectionem
1573 601 1657 648 tri-

238 690 468 739 butorum
501 687 678 736 habere
711 685 1033 751 expetierant,
1066 698 1168 730 non
1198 681 1383 740 minus,
1417 678 1502 727 sed
1536 679 1659 728 forte

239 767 422 818 avidius
450 766 593 814 etiam
626 761 1025 812 concussionibus
1056 770 1106 808 et
1131 759 1310 825 rapinis
1339 757 1661 806 incubuerunt

238 845 531 913 (hujusmodi
554 844 817 892 ministeria
835 842 927 890 sibi
944 858 1043 889 non
1064 839 1146 888 diu
1169 838 1398 887 duratura
1412 837 1522 885 satis
1538 838 1659 885 aesti-

238 924 450 990 mantes)
481 940 627 990 quam
662 920 904 988 prioribus
937 919 1076 967 annis
1106 916 1333 965 officiales
1368 914 1660 963 tributorum

238 1004 390 1052 facere
413 1009 739 1051 consuessent.

301 1080 462 1130 Talem
482 1079 643 1144 igitur,
668 1094 724 1125 ex
738 1073 1140 1143 promissionibus
1161 1071 1424 1119 clementiae
1445 1079 1494 1118 et
1514 1069 1660 1118 bene-

238 1159 438 1208 ficentiae
458 1157 649 1222 regalis,
683 1158 733 1204 in
760 1153 980 1220 jucundo
1011 1168 1100 1200 suo
1124 1150 1337 1198 adventu
1371 1149 1530 1210 sactis,
1565 1150 1661 1197 exi-

238 1246 343 1284 tum
378 1246 522 1301 atque
557 1234 764 1281 fructum
802 1232 975 1280 misera
1004 1227 1298 1277 Normannia
1333 1226 1538 1287 invenit3
1575 1227 1658 1292 qui

239 1323 400 1362 tamen
435 1329 540 1373 rex,
564 1321 701 1378 patre
734 1310 924 1358 vivente
955 1318 1003 1357 et
1025 1324 1085 1356 eo
1107 1321 1304 1372 quoque
1326 1314 1544 1352 recenter
1574 1304 1660 1352 de-

239 1390 404 1438 functo
419 1427 432 1450 ‚
457 1389 616 1437 dicere
638 1386 806 1436 solitus
827 1395 929 1434 erat
956 1402 1006 1433 se
1037 1383 1169 1432 illam
1198 1382 1379 1431 caeteris
1401 1382 1662 1448 provinciis

240 1467 374 1532 regni
394 1466 573 1515 habere
595 1465 894 1522 chariorem,
921 1463 1174 1527 eidemque
1195 1460 1401 1508 maxime
1422 1460 1657 1525 compati,

242 1545 376 1609 quod
399 1555 498 1592 tam
518 1543 718 1591 immani
738 1551 786 1590 et
810 1541 988 1605 injusto
1019 1539 1331 1588 collationum
1352 1547 1497 1603 atque
1519 1539 1662 1586 vecti-

243 1621 419 1686 galium
442 1637 591 1669 onere
613 1628 925 1686 premeretur.

308 1701 405 1746 Nec
440 1715 557 1746 vero
593 1713 702 1746 eam
737 1696 1083 1762 promissorum
1123 1692 1337 1758 ejusdem
1382 1691 1526 1739 fidem
1563 1692 1663 1739 sola

243 1776 565 1837 Normannia,
605 1775 689 1823 sed
729 1790 899 1821 omncs
932 1772 1080 1820 ferme
1111 1770 1372 1818 Galliarum
1402 1769 1664 1835 provinciae

241 1863 538 1919 compertam
575 1852 878 1912 habuerunt3
903 1867 1008 1915 quae
1030 1866 1131 1897 non
1167 1847 1317 1896 modo
1342 1864 1442 1894 non
1472 1846 1659 1907 levatae,

241 1931 325 1979 sed
347 1941 396 1979 et
425 1930 636 1979 adauctae
660 1940 707 1977 et
737 1929 903 1977 durius
925 1937 1107 1976 onustae
1128 1924 1463 1974 collationibus
1482 1935 1528 1972 et
1554 1942 1663 1973 vec-

241 2007 459 2072 tigalibus
507 2007 800 2055 exstiterunt.
848 2004 988 2053 Unde
1033 2004 1129 2051 hoc
1167 2003 1276 2050 loco
1320 2002 1664 2050 convenienter

241 2085 520 2133 inserendus
556 2083 699 2132 nobis
719 2083 911 2131 videtur
940 2098 1077 2130 casus
1106 2078 1425 2129 lamentabilis
1455 2080 1539 2144 qui
1576 2081 1664 2127 Re-

243 2179 434 2211 morum
463 2155 727 2223 civitatem,
764 2161 882 2209 olim
913 2160 1304 2224 insignissimam,
1332 2175 1390 2206 ex
1412 2157 1666 2205 occasione

244 2246 617 2312 promissionum
647 2262 734 2310 per
765 2260 950 2308 regem,
984 2253 1038 2290 ut
1074 2259 1220 2308 supra
1258 2241 1536 2300 retulimus,
1572 2240 1665 2287 loci

244 2323 425 2371 civibus
444 2322 637 2390 publice
660 2322 890 2370 factarum
905 2357 918 2382 ,
943 2320 1277 2388 apprehendit.

309 2401 515 2448 Vixdum
540 2401 694 2459 enim,
716 2409 973 2466 postquam
996 2399 1092 2446 illic
1119 2415 1202 2446 rex
1231 2398 1457 2445 inunctus
1483 2397 1636 2444 suerat
1652 2433 1664 2454 ,

250 2478 490 2526 mensibus
525 2478 716 2526 duobus
760 2478 973 2539 effluxiS‚
1021 2477 1140 2524 dum
1185 2476 1411 2524 officiales
1460 2474 1668 2522 tributo-

251 2570 357 2601 rum
393 2567 643 2604 consuetas
680 2555 886 2620 gabellas
912 2565 960 2603 et
987 2555 1318 2620 impositiones
1347 2554 1448 2618 (uti
1473 2564 1669 2619 perante

252 2631 441 2679 solitum
477 2634 608 2698 erat)
638 2633 904 2681 subhastari
943 2633 1179 2694 facerent,
1218 2641 1270 2679 ut
1304 2633 1516 2698 potiores
1553 2648 1668 2678 con-

252 2707 455 2755 ditiones
495 2711 544 2756 in
588 2711 848 2758 licitatione
893 2710 1202 2758 offerentibus
1249 2710 1636 2774 adjudicarentur
1653 2743 1666 2765 ,

254 2799 488 2831 memores
504 2787 671 2851 populi
687 2788 1062 2851 promissionum
1081 2787 1171 2835 sibi
1194 2796 1411 2835 recenter
1431 2803 1514 2833 ore
1538 2786 1669 2849 regio

254 2860 512 2923 factarum,
539 2863 857 2910 existimantes
890 2863 992 2912 haec
1026 2881 1124 2911 non
1157 2881 1298 2929 posse
1329 2881 1385 2910 ex
1420 2862 1671 2928 principali
