2054 3470
727 319 873 355 LIBER
899 316 1128 364 QUmTUS.
1558 317 1628 354 371

227 406 426 465 nissent,
451 413 704 468 postquam
728 411 887 448 tamen
910 401 1086 448 dictam
1108 400 1332 448 infamem
1364 401 1637 465 pactionem

228 491 275 529 et
295 480 600 529 traditionem
621 478 730 525 fecit
754 477 902 534 illius,
932 477 1014 542 qui
1030 476 1093 524 ad
1114 493 1165 524 se
1187 477 1355 541 refugii
1376 487 1423 525 et
1439 487 1639 542 protec-

228 558 370 605 tionis
389 573 554 615 causa,
579 564 626 603 et
645 553 735 602 sub
752 553 842 601 sibi
859 570 886 601 a
906 570 956 601 se
973 553 1272 618 plenissima,
1294 554 1364 600 uti
1386 552 1640 615 ferebatur,

230 635 477 682 securitate
499 632 700 699 praestita
714 668 727 692 ,
752 630 1052 695 confugerat,
1079 631 1214 694 quasi
1235 631 1286 677 in
1310 631 1465 678 vicem
1485 647 1515 679 a
1531 648 1642 697 pro-

231 715 436 760 tectione
448 710 609 758 divina
621 708 872 756 derelictus
887 708 1010 756 foret
1025 708 1146 773 (qua
1157 717 1354 774 perante
1378 725 1408 757 a
1428 709 1645 756 maximis

233 804 355 854 saepe
390 797 438 834 et
464 784 762 834 evidentibus
791 784 1011 850 periculis
1035 784 1285 849 singularis
1321 785 1483 849 gratiae
1505 784 1647 832 donis

235 867 387 915 fuerat
406 873 568 912 erutus
591 880 646 912 ac
670 862 943 926 defensus),
963 862 1082 909 nihil
1095 863 1140 910 ei
1162 862 1368 910 faustum
1389 873 1435 910 et
1454 879 1649 928 prospe-

234 959 366 1001 rum,
389 940 473 989 sed
495 941 658 988 omnia
680 956 814 1005 paene
838 939 941 986 dira
970 955 1026 986 ac
1054 939 1280 1000 infausta,
1308 956 1459 1004 usque
1490 939 1553 987 ad
1576 940 1649 987 sui

234 1036 528 1084 suorumque
563 1017 895 1066 exterminium
935 1025 1077 1081 atque
1110 1018 1515 1077 internecionem,
1547 1034 1652 1065 eve-

234 1107 424 1145 nerunt.

300 1176 394 1223 Sed
413 1191 512 1223 non
534 1191 593 1222 eo
616 1175 776 1221 minus
794 1172 1067 1221 notandum
1087 1172 1516 1237 detestandumque
1531 1174 1654 1236 regis

238 1255 415 1302 factum
435 1254 758 1302 existimamus
773 1289 786 1313 ,
811 1253 894 1316 qui
915 1251 1088 1298 ducem
1122 1250 1460 1314 Lotharingiae,
1488 1252 1653 1316 utique

237 1332 478 1396 egregium
514 1331 803 1396 principem,
838 1344 983 1391 quem
1019 1328 1082 1376 ad
1116 1327 1438 1375 deficiendum
1476 1344 1504 1375 a
1534 1328 1657 1376 duce

240 1408 520 1473 Burgundiae
550 1417 597 1455 et
632 1407 695 1455 ad
717 1423 825 1454 suas
853 1416 1011 1471 partes
1045 1406 1391 1454 transeundum
1420 1406 1658 1470 quodam-

240 1485 387 1533 modo
409 1485 728 1551 compulerat,
754 1493 800 1531 et
821 1485 904 1548 qui
931 1484 1028 1530 suis
1046 1483 1227 1531 viribus
1254 1483 1414 1531 eidem
1436 1484 1658 1531 inservie-

240 1573 338 1623 rat,
362 1563 512 1622 hosti,
553 1562 643 1610 sibi
677 1561 980 1608 infestissimo
1015 1559 1140 1607 illius
1170 1561 1450 1608 defectionis
1481 1577 1620 1608 causa
1637 1598 1651 1622 ‚

241 1639 576 1689 devorandum
596 1640 816 1704 exposuit
837 1634 980 1703 atque
1002 1638 1232 1703 permisit.

306 1721 423 1776 Quae
445 1715 615 1782 procul
638 1715 789 1763 dubio
810 1716 1056 1781 pactiones
1078 1715 1181 1762 aliis
1204 1714 1380 1763 similes
1402 1715 1652 1776 videntur,

241 1811 346 1860 quae
367 1794 481 1842 olim
516 1794 638 1840 inter
673 1809 723 1840 se
756 1792 930 1840 habitae
968 1802 1103 1852 sunt,
1131 1809 1251 1857 quas
1283 1793 1582 1857 Tranquillus
1604 1794 1653 1842 in

240 1871 364 1919 libro
387 1869 599 1918 secundo
633 1869 694 1916 de
724 1868 985 1915 Caesaribus
1017 1868 1214 1928 refert¹;
1250 1885 1278 1916 a
1310 1868 1484 1934 quibus
1512 1870 1655 1917 etiam

240 1948 388 1996 fertur
400 1946 478 1993 illa
490 1945 721 2011 prodiisse
734 1945 966 1993 sententia
976 1982 989 2006 ,
1008 1961 1155 2009 quam
1174 1947 1479 2009 Augustinus,
1495 1967 1517 1990 c<
1533 1949 1658 1994 Con-

244 2034 315 2072 tra
336 2027 584 2083 Faustum,
609 2042 633 2068 »
661 2023 887 2070 furiosam
909 2021 1115 2087 appellat
1143 2037 1156 2069 :
1194 2042 1217 2066 α
1249 2025 1451 2070 Pereant
1486 2025 1650 2084 amici,

245 2100 512 2158 dummodo
535 2115 632 2148 una
652 2100 917 2147 interierint
939 2099 1037 2147 sive
1057 2109 1254 2164 pereant
1274 2099 1471 2147 inimici.
1498 2120 1522 2143 »

736 2309 1076 2355 CAPITULUM
1110 2310 1167 2354 11.

396 2427 555 2472 Qualiter
569 2426 643 2462 dux
656 2426 869 2473 Burgundiae
884 2425 1149 2473 Letharingiam
1165 2425 1267 2462 facile
1282 2427 1506 2474 conquisivit.

313 2540 410 2587 Tali
446 2541 588 2604 igitur
628 2540 749 2603 regis
792 2539 1013 2605 pactione
1058 2538 1155 2586 dux
1198 2540 1479 2603 Burgundiae
1515 2541 1659 2589 fretus

254 2616 411 2680 (quod
428 2617 645 2664 videlicet
664 2617 762 2664 dux
780 2616 1092 2680 Lotharingiae
1110 2617 1308 2663 minime
1329 2617 1450 2664 foret
1470 2618 1519 2663 in
1543 2627 1664 2665 treu-

308 2743 346 2780 1.
375 2738 551 2777 Allusion
568 2751 620 2776 au
640 2738 858 2788 triumvir-at
886 2738 1087 2788 d'Octave,
1108 2739 1276 2777 Antoine
1301 2747 1339 2777 et
1358 2738 1528 2790 Lepide,
1554 2752 1664 2778 men-

256 2800 386 2838 tionne
402 2812 471 2851 par
491 2799 658 2838 Suetone
674 2812 724 2837 au
741 2799 915 2850 chapitre
933 2812 1006 2836 xm
1027 2798 1075 2837 de
1091 2799 1129 2837 la
1148 2799 1211 2837 vie
1229 2798 1453 2851 d’Auguste.
