2054 3470
723 311 867 349 mmm
894 310 1137 357 QUARTus.
1558 309 1635 347 zos

651 515 992 560 CAPITULUM
1026 515 1188 559 XVIII.

333 664 442 709 Quod
459 664 617 700 similiter
631 661 704 697 dux
722 660 936 709 Burgundiae
953 674 1032 696 cum
1052 674 1134 708 rege
1152 661 1370 696 Francorum
1389 670 1528 709 treugas

764 718 847 753 fecit
867 719 1096 754 novennales.

293 851 535 902 Intellecto
556 868 672 900 vero
686 869 715 900 a
736 851 859 900 duce
877 851 1274 916 Burgundionum
1292 851 1424 917 quod
1445 852 1642 917 itanprae-

177 979 182 983 ,
228 932 387 998 rupte¹
414 940 463 978 et
489 931 760 995 repentine,
793 946 851 978 eo
880 930 1065 990 nescio,
1096 939 1285 994 treugas
1313 929 1559 995 praedictas
1588 946 1644 978 ac

227 1008 404 1057 foedera
426 1024 536 1055 cum
559 1023 668 1072 rege
693 1011 985 1055 Francorum
1009 1007 1221 1056 sororius
1248 1024 1363 1055 suus
1387 1008 1645 1072 percussis-

227 1096 320 1148 set,
354 1085 416 1132 ab
445 1085 684 1149 armisque
716 1084 965 1132 discedens
995 1085 1259 1133 retorsisset
1289 1085 1509 1148 vestigia,
1543 1101 1644 1132 non

229 1163 364 1212 Iacile
394 1162 489 1210 dici
521 1171 676 1228 potest
704 1172 940 1227 quantum
968 1161 1080 1210 inde
1109 1162 1396 1222 admiratus,
1430 1171 1478 1209 et
1508 1162 1644 1210 initio

229 1239 361 1289 velut
409 1238 771 1304 quodammodo
817 1240 979 1287 animo
1023 1249 1353 1287 consternatus
1396 1239 1641 1287 exstiterit.

230 1317 408 1384 Agebat
429 1318 557 1365 enim
579 1334 690 1365 cum
707 1318 840 1364 omni
857 1317 1105 1364 sedulitate
1125 1327 1172 1364 et
1189 1317 1435 1381 diligentia
1456 1333 1646 1364 exsecu-

229 1395 350 1444 tioni
379 1394 608 1442 mandare
635 1411 739 1459 quae
770 1395 891 1442 inter
914 1411 963 1442 se
984 1395 1214 1460 proximis
1235 1393 1403 1442 diebus
1425 1393 1649 1442 condicta

230 1481 563 1537 conventaque
582 1471 785 1533 fuerant,
807 1473 1086 1537 priusquam
1106 1471 1166 1519 ab
1185 1472 1393 1519 invicem
1414 1471 1648 1519 discessis-

231 1559 358 1610 sent3
385 1549 514 1596 unde
530 1549 630 1612 jam
655 1558 841 1614 partem
862 1565 1055 1596 suarum
1078 1549 1328 1615 copiarum
1350 1558 1397 1595 et
1418 1565 1648 1596 curruum

231 1627 282 1674 in
313 1643 480 1691 agrum
515 1629 792 1673 Barrensem
826 1626 1138 1691 praemiserat,
1182 1626 1494 1690 Campaniam
1535 1625 1649 1674 sub·

232 1703 367 1764 inde,
403 1713 454 1751 ut
484 1703 606 1750 inter
641 1719 723 1750 eos
753 1713 1066 1762 convenerat,
1100 1703 1412 1767 ingressurus.
1451 1706 1510 1751 Et
1538 1705 1646 1768 qui,

231 1779 376 1829 rebus
413 1781 477 1828 ita
512 1797 647 1827 secus
675 1797 731 1827 ac
761 1791 889 1827 ratus
915 1780 1065 1828 fuerat
1086 1779 1512 1846 percurrentibus’,
1539 1797 1651 1828 cum

233 1858 553 1906 necessarium
590 1859 732 1905 etiam
764 1857 853 1904 sibi
887 1857 989 1905 sore
1022 1858 1244 1918 videret⁸,
1282 1875 1365 1923 spe
1395 1859 1556 1906 auxilii
1590 1858 1651 1906 ab

235 1937 399 2002 Anglia
423 1937 752 2002 consequendi
777 1936 1031 1996 destituto,
1062 1953 1091 1983 a
1113 1945 1278 2000 treuga
1304 1953 1416 1984 cum
1443 1940 1478 1983 F
1481 1953 1652 1984 ranco-

236 2032 344 2062 rum
372 2032 478 2079 rege
507 2031 607 2061 non
630 2013 829 2074 secludi,
850 2031 899 2060 se
922 2013 1183 2079 prudenter
1199 2030 1255 2061 ac
1275 2015 1513 2078 sapienter
1537 2015 1648 2078 egit,

228 2102 292 2149 ,ut
312 2093 487 2139 scilicet
507 2092 650 2138 etiam
671 2091 783 2138 belli
807 2090 1161 2155 intercapedine
1185 2109 1295 2138 cum
1322 2092 1427 2156 ipso
1450 2094 1652 2139 Franco-

238 2185 347 2215 rum
370 2185 480 2232 rege
520 2168 768 2232 potiretur.
799 2171 915 2225 Quae
943 2184 1041 2214 non
1066 2168 1215 2215 modo
1244 2167 1335 2215 sibi
1363 2169 1649 2227 necessaria,

238 2262 406 2292 verum
428 2246 571 2292 etiam
597 2244 720 2290 utilis
743 2260 841 2290 non
868 2244 1111 2291 modicum
1134 2246 1324 2293 exstitit.

303 2324 424 2368 Cum
452 2323 608 2380 enim,
642 2319 1006 2367 decurrentibus
1036 2323 1208 2385 treugis
1237 2323 1470 2387 praedictis
1488 2360 1500 2382 ‚
1536 2338 1654 2386 quas

239 2399 364 2446 inter
382 2416 431 2446 se
449 2436 461 2458 ,
490 2409 540 2446 ut
562 2399 767 2446 diximus
783 2434 795 2458 ‚
827 2399 1104 2463 pepigerant
1133 2416 1267 2463 reges
1286 2437 1298 2461 ,
1334 2415 1422 2447 nec
1448 2400 1617 2447 solatia
1638 2436 1650 2459 ,

243 2492 330 2523 nec
343 2476 514 2524 auxilia
535 2476 596 2524 ab
626 2475 887 2539 Anglorum
903 2491 1011 2539 rege
1041 2475 1358 2542 obtinuisset(
1378 2477 1514 2540 cujus
1535 2474 1655 2523 sub-

296 2632 334 2668 1.
365 2632 548 2680 Pet-rupte
568 2629 663 2668 dans
684 2630 721 2668 le
740 2643 812 2669 ms.

297 2691 336 2726 2.
366 2688 676 2728 Praecurrentibas
694 2689 788 2727 dans
806 2689 842 2727 le
861 2702 933 2728 ms.

300 2750 338 2785 3.
370 2746 400 2784 Il
418 2759 583 2797 manque
604 2747 772 2798 quelque
789 2747 906 2785 chose
925 2746 1021 2786 dans
1040 2748 1079 2786 la
1098 2748 1237 2800 phrase
1256 2761 1357 2800 pour
1379 2746 1589 2797 completer
1613 2760 1655 2783 ce

247 2805 418 2844 membre
438 2814 475 2843 et
494 2805 530 2844 le
549 2806 741 2844 rattacher
761 2820 811 2844 au
828 2807 993 2844 suivant.
