<?xml version="1.0" encoding="UTF-8"?>
<!DOCTYPE html PUBLIC "-//W3C//DTD XHTML 1.0 Transitional//EN"
    "http://www.w3.org/TR/xhtml1/DTD/xhtml1-transitional.dtd">
<html xmlns="http://www.w3.org/1999/xhtml" xml:lang="en" lang="en">
 <head>
  <title>
</title>
<meta http-equiv="Content-Type" content="text/html;charset=utf-8" />
  <meta name='ocr-system' content='tesseract 3.04.00' />
  <meta name='ocr-capabilities' content='ocr_page ocr_carea ocr_par ocr_line ocrx_word'/>
</head>
<body>
  <div class='ocr_page' id='page_1' title='image "./histoiredesrgn02basiuoft_0225.png"; bbox 0 0 2054 3470; ppageno 0'>
   <div class='ocr_carea' id='block_1_1' title="bbox 666 293 1594 335">
    <p class='ocr_par' dir='ltr' id='par_1_1' title="bbox 666 293 1594 335">
     <span class='ocr_line' id='line_1_1' title="bbox 666 293 1594 335; baseline 0.002 -2"><span class='ocrx_word' id='word_1_1' title='bbox 666 294 814 333; x_wconf 84' lang='lat' dir='ltr'>LIBER</span> <span class='ocrx_word' id='word_1_2' title='bbox 839 293 1112 333; x_wconf 79' lang='lat' dir='ltr'><strong>SECUNDUS.</strong></span> <span class='ocrx_word' id='word_1_3' title='bbox 1521 298 1594 335; x_wconf 79' lang='lat'><strong>141</strong></span> 
     </span>
    </p>
   </div>
   <div class='ocr_carea' id='block_1_2' title="bbox 185 380 1600 919">
    <p class='ocr_par' dir='ltr' id='par_1_2' title="bbox 185 380 1600 919">
     <span class='ocr_line' id='line_1_2' title="bbox 188 380 1599 446; baseline -0.001 -14"><span class='ocrx_word' id='word_1_4' title='bbox 188 384 424 434; x_wconf 90' lang='lat' dir='ltr'><strong>diensium</strong></span> <span class='ocrx_word' id='word_1_5' title='bbox 458 391 655 430; x_wconf 88' lang='lat' dir='ltr'><strong>conatus</strong></span> <span class='ocrx_word' id='word_1_6' title='bbox 690 380 982 428; x_wconf 89' lang='lat' dir='ltr'><strong>retunderet.</strong></span> <span class='ocrx_word' id='word_1_7' title='bbox 1017 381 1111 438; x_wconf 91' lang='lat' dir='ltr'><strong>Qui</strong></span> <span class='ocrx_word' id='word_1_8' title='bbox 1151 380 1365 446; x_wconf 86' lang='lat' dir='ltr'><strong>profecto</strong></span> <span class='ocrx_word' id='word_1_9' title='bbox 1379 418 1392 442; x_wconf 90' lang='lat'>,</span> <span class='ocrx_word' id='word_1_10' title='bbox 1426 383 1471 429; x_wconf 89' lang='lat' dir='ltr'><strong>si·</strong></span> <span class='ocrx_word' id='word_1_11' title='bbox 1497 399 1599 430; x_wconf 93' lang='lat' dir='ltr'><strong>non</strong></span> 
     </span>
     <span class='ocr_line' id='line_1_3' title="bbox 189 461 1600 527; baseline -0.004 -14"><span class='ocrx_word' id='word_1_12' title='bbox 189 474 288 513; x_wconf 88' lang='lat' dir='ltr'><strong>tam</strong></span> <span class='ocrx_word' id='word_1_13' title='bbox 301 473 484 512; x_wconf 89' lang='lat' dir='ltr'><strong>mature</strong></span> <span class='ocrx_word' id='word_1_14' title='bbox 505 461 817 521; x_wconf 88' lang='lat' dir='ltr'><strong>discessisset,</strong></span> <span class='ocrx_word' id='word_1_15' title='bbox 838 461 1162 527; x_wconf 79' lang='lat' dir='ltr'><strong>potuissetque</strong></span> <span class='ocrx_word' id='word_1_16' title='bbox 1182 462 1436 510; x_wconf 90' lang='lat' dir='ltr'><strong>dominum</strong></span> <span class='ocrx_word' id='word_1_17' title='bbox 1459 465 1600 509; x_wconf 91' lang='lat' dir='ltr'><strong>Caro-</strong></span> 
     </span>
     <span class='ocr_line' id='line_1_4' title="bbox 187 538 1594 602; baseline -0.004 -11"><span class='ocrx_word' id='word_1_18' title='bbox 187 542 290 591; x_wconf 91' lang='lat' dir='ltr'><strong>lum</strong></span> <span class='ocrx_word' id='word_1_19' title='bbox 322 541 372 589; x_wconf 92' lang='lat' dir='ltr'><strong>in</strong></span> <span class='ocrx_word' id='word_1_20' title='bbox 403 541 771 599; x_wconf 87' lang='lat' dir='ltr'><strong>Normanniam‚</strong></span> <span class='ocrx_word' id='word_1_21' title='bbox 806 539 898 587; x_wconf 90' lang='lat' dir='ltr'><strong>sibi</strong></span> <span class='ocrx_word' id='word_1_22' title='bbox 934 539 1218 602; x_wconf 85' lang='lat' dir='ltr'><strong>assignatam</strong></span> <span class='ocrx_word' id='word_1_23' title='bbox 1256 549 1304 587; x_wconf 91' lang='lat' dir='ltr'><strong>et</strong></span> <span class='ocrx_word' id='word_1_24' title='bbox 1342 538 1594 599; x_wconf 75' lang='lat' dir='ltr'><strong>traditam,</strong></span> 
     </span>
     <span class='ocr_line' id='line_1_5' title="bbox 188 616 1600 683; baseline -0.003 -15"><span class='ocrx_word' id='word_1_25' title='bbox 188 619 415 676; x_wconf 83' lang='lat' dir='ltr'><strong>sociasse,</strong></span> <span class='ocrx_word' id='word_1_26' title='bbox 442 617 754 665; x_wconf 87' lang='lat' dir='ltr'><strong>verisimiliter</strong></span> <span class='ocrx_word' id='word_1_27' title='bbox 784 634 897 664; x_wconf 90' lang='lat' dir='ltr'><strong>eum</strong></span> <span class='ocrx_word' id='word_1_28' title='bbox 930 617 991 664; x_wconf 91' lang='lat' dir='ltr'><strong>de</strong></span> <span class='ocrx_word' id='word_1_29' title='bbox 1023 616 1192 664; x_wconf 89' lang='lat' dir='ltr'><strong>eadem</strong></span> <span class='ocrx_word' id='word_1_30' title='bbox 1219 617 1395 683; x_wconf 93' lang='lat' dir='ltr'><strong>pellere</strong></span> <span class='ocrx_word' id='word_1_31' title='bbox 1429 633 1600 665; x_wconf 91' lang='lat' dir='ltr'><strong>ausum</strong></span> 
     </span>
     <span class='ocr_line' id='line_1_6' title="bbox 187 694 1600 761; baseline -0.001 -17"><span class='ocrx_word' id='word_1_32' title='bbox 187 713 266 746; x_wconf 88' lang='lat' dir='ltr'><strong>rex</strong></span> <span class='ocrx_word' id='word_1_33' title='bbox 299 695 496 744; x_wconf 88' lang='lat' dir='ltr'><strong>minime</strong></span> <span class='ocrx_word' id='word_1_34' title='bbox 523 695 804 761; x_wconf 87' lang='lat' dir='ltr'><strong>accepisset,</strong></span> <span class='ocrx_word' id='word_1_35' title='bbox 832 694 1245 760; x_wconf 86' lang='lat' dir='ltr'><strong>quemadmodum</strong></span> <span class='ocrx_word' id='word_1_36' title='bbox 1278 695 1437 744; x_wconf 90' lang='lat' dir='ltr'><strong>statim</strong></span> <span class='ocrx_word' id='word_1_37' title='bbox 1472 704 1600 760; x_wconf 91' lang='lat' dir='ltr'><strong>post·</strong></span> 
     </span>
     <span class='ocr_line' id='line_1_7' title="bbox 186 773 1593 840; baseline -0.001 -17"><span class='ocrx_word' id='word_1_38' title='bbox 186 790 330 840; x_wconf 90' lang='lat' dir='ltr'><strong>qnam</strong></span> <span class='ocrx_word' id='word_1_39' title='bbox 351 784 510 839; x_wconf 87' lang='lat' dir='ltr'><strong>terga,</strong></span> <span class='ocrx_word' id='word_1_40' title='bbox 539 774 604 822; x_wconf 89' lang='lat' dir='ltr'><strong>ad</strong></span> <span class='ocrx_word' id='word_1_41' title='bbox 635 790 722 822; x_wconf 89' lang='lat' dir='ltr'><strong>sua</strong></span> <span class='ocrx_word' id='word_1_42' title='bbox 750 773 961 833; x_wconf 90' lang='lat' dir='ltr'><strong>rediens,</strong></span> <span class='ocrx_word' id='word_1_43' title='bbox 999 774 1130 823; x_wconf 91' lang='lat' dir='ltr'><strong>idem</strong></span> <span class='ocrx_word' id='word_1_44' title='bbox 1162 790 1325 822; x_wconf 90' lang='lat' dir='ltr'><strong>comes</strong></span> <span class='ocrx_word' id='word_1_45' title='bbox 1358 783 1593 835; x_wconf 85' lang='lat' dir='ltr'><strong>verterat,</strong></span> 
     </span>
     <span class='ocr_line' id='line_1_8' title="bbox 185 851 1352 919; baseline 0.001 -19"><span class='ocrx_word' id='word_1_46' title='bbox 185 853 287 919; x_wconf 83' lang='lat' dir='ltr'><strong>ipse</strong></span> <span class='ocrx_word' id='word_1_47' title='bbox 305 851 476 915; x_wconf 81' lang='lat' dir='ltr'><strong>effecit,</strong></span> <span class='ocrx_word' id='word_1_48' title='bbox 498 862 552 900; x_wconf 93' lang='lat' dir='ltr'><strong>ut</strong></span> <span class='ocrx_word' id='word_1_49' title='bbox 573 853 731 901; x_wconf 86' lang='lat' dir='ltr'><strong>statim</strong></span> <span class='ocrx_word' id='word_1_50' title='bbox 750 853 898 919; x_wconf 87' lang='lat' dir='ltr'><strong>paulo</strong></span> <span class='ocrx_word' id='word_1_51' title='bbox 915 853 1055 901; x_wconf 87' lang='lat' dir='ltr'><strong>latius</strong></span> <span class='ocrx_word' id='word_1_52' title='bbox 1076 854 1352 902; x_wconf 89' lang='lat' dir='ltr'><strong>referemus.</strong></span> 
     </span>
    </p>
   </div>
   <div class='ocr_carea' id='block_1_3' title="bbox 673 1088 1156 1135">
    <p class='ocr_par' dir='ltr' id='par_1_3' title="bbox 673 1088 1156 1135">
     <span class='ocr_line' id='line_1_9' title="bbox 673 1088 1156 1135; baseline -0.004 0"><span class='ocrx_word' id='word_1_53' title='bbox 673 1088 1015 1135; x_wconf 81' lang='lat' dir='ltr'>CAPITULUM</span> <span class='ocrx_word' id='word_1_54' title='bbox 1048 1090 1106 1133; x_wconf 91' lang='lat' dir='ltr'><strong>X.</strong></span> <span class='ocrx_word' id='word_1_55' title='bbox 1153 1114 1156 1117; x_wconf 93' lang='lat'>·</span> 
     </span>
    </p>
   </div>
   <div class='ocr_carea' id='block_1_4' title="bbox 181 1220 1601 1378">
    <p class='ocr_par' dir='ltr' id='par_1_4' title="bbox 181 1220 1601 1378">
     <span class='ocr_line' id='line_1_10' title="bbox 181 1220 1600 1271; baseline 0.002 -15"><span class='ocrx_word' id='word_1_56' title='bbox 181 1220 376 1267; x_wconf 86' lang='lat' dir='ltr'><strong>Quomodo</strong></span> <span class='ocrx_word' id='word_1_57' title='bbox 391 1220 467 1256; x_wconf 88' lang='lat' dir='ltr'><strong>dux</strong></span> <span class='ocrx_word' id='word_1_58' title='bbox 482 1221 649 1267; x_wconf 84' lang='lat' dir='ltr'><strong>Carolus,</strong></span> <span class='ocrx_word' id='word_1_59' title='bbox 666 1231 810 1271; x_wconf 87' lang='lat' dir='ltr'><strong>accepta</strong></span> <span class='ocrx_word' id='word_1_60' title='bbox 825 1236 846 1258; x_wconf 89' lang='lat' dir='ltr'><strong>a</strong></span> <span class='ocrx_word' id='word_1_61' title='bbox 862 1235 944 1270; x_wconf 87' lang='lat' dir='ltr'><strong>rege</strong></span> <span class='ocrx_word' id='word_1_62' title='bbox 959 1222 1200 1267; x_wconf 71' lang='lat' dir='ltr'><strong>Nor-mannia,</strong></span> <span class='ocrx_word' id='word_1_63' title='bbox 1219 1223 1264 1257; x_wconf 85' lang='lat' dir='ltr'><strong>ab</strong></span> <span class='ocrx_word' id='word_1_64' title='bbox 1284 1223 1442 1270; x_wconf 77' lang='lat' dir='ltr'><strong>ingressu</strong></span> <span class='ocrx_word' id='word_1_65' title='bbox 1458 1223 1600 1259; x_wconf 86' lang='lat' dir='ltr'><strong>Rotho-</strong></span> 
     </span>
     <span class='ocr_line' id='line_1_11' title="bbox 229 1273 1601 1322; baseline 0.001 -12"><span class='ocrx_word' id='word_1_66' title='bbox 229 1276 324 1322; x_wconf 75' lang='lat' dir='ltr'><strong>magi</strong></span> <span class='ocrx_word' id='word_1_67' title='bbox 343 1274 411 1310; x_wconf 79' lang='lat' dir='ltr'><strong>fuit</strong></span> <span class='ocrx_word' id='word_1_68' title='bbox 430 1273 495 1309; x_wconf 87' lang='lat' dir='ltr'><strong>diu</strong></span> <span class='ocrx_word' id='word_1_69' title='bbox 510 1275 698 1310; x_wconf 84' lang='lat' dir='ltr'><strong>Britonum</strong></span> <span class='ocrx_word' id='word_1_70' title='bbox 720 1274 884 1311; x_wconf 83' lang='lat' dir='ltr'><strong>detentus</strong></span> <span class='ocrx_word' id='word_1_71' title='bbox 909 1276 1084 1319; x_wconf 79' lang='lat' dir='ltr'><strong>factione3</strong></span> <span class='ocrx_word' id='word_1_72' title='bbox 1108 1284 1143 1310; x_wconf 87' lang='lat' dir='ltr'><strong>et</strong></span> <span class='ocrx_word' id='word_1_73' title='bbox 1163 1276 1313 1322; x_wconf 84' lang='lat' dir='ltr'><strong>qualiter</strong></span> <span class='ocrx_word' id='word_1_74' title='bbox 1330 1277 1368 1311; x_wconf 88' lang='lat' dir='ltr'><strong>in</strong></span> <span class='ocrx_word' id='word_1_75' title='bbox 1384 1276 1601 1312; x_wconf 81' lang='lat' dir='ltr'><strong>monasterio</strong></span> 
     </span>
     <span class='ocr_line' id='line_1_12' title="bbox 226 1328 1509 1378; baseline 0.002 -14"><span class='ocrx_word' id='word_1_76' title='bbox 226 1328 341 1364; x_wconf 64' lang='lat' dir='ltr'><strong>Beata</strong></span> <span class='ocrx_word' id='word_1_77' title='bbox 354 1328 554 1364; x_wconf 78' lang='lat' dir='ltr'><strong>Catharinae</strong></span> <span class='ocrx_word' id='word_1_78' title='bbox 569 1341 591 1364; x_wconf 86' lang='lat' dir='ltr'><strong>a</strong></span> <span class='ocrx_word' id='word_1_79' title='bbox 607 1329 762 1365; x_wconf 66' lang='lat' dir='ltr'><strong>Statilius</strong></span> <span class='ocrx_word' id='word_1_80' title='bbox 777 1330 969 1378; x_wconf 83' lang='lat' dir='ltr'><strong>provinciae</strong></span> <span class='ocrx_word' id='word_1_81' title='bbox 984 1329 1143 1366; x_wconf 78' lang='lat' dir='ltr'><strong>visitatus</strong></span> <span class='ocrx_word' id='word_1_82' title='bbox 1160 1338 1194 1365; x_wconf 90' lang='lat' dir='ltr'><strong>et</strong></span> <span class='ocrx_word' id='word_1_83' title='bbox 1212 1330 1414 1366; x_wconf 83' lang='lat' dir='ltr'><strong>consolatus</strong></span> <span class='ocrx_word' id='word_1_84' title='bbox 1429 1330 1509 1367; x_wconf 83' lang='lat' dir='ltr'><strong>suit.</strong></span> 
     </span>
    </p>
   </div>
   <div class='ocr_carea' id='block_1_5' title="bbox 181 1444 1605 2598">
    <p class='ocr_par' dir='ltr' id='par_1_5' title="bbox 181 1444 1605 2598">
     <span class='ocr_line' id='line_1_13' title="bbox 249 1444 1600 1512; baseline 0.001 -18"><span class='ocrx_word' id='word_1_85' title='bbox 249 1446 393 1511; x_wconf 87' lang='lat' dir='ltr'><strong>Igitur</strong></span> <span class='ocrx_word' id='word_1_86' title='bbox 414 1447 620 1512; x_wconf 89' lang='lat' dir='ltr'><strong>acceptis</strong></span> <span class='ocrx_word' id='word_1_87' title='bbox 642 1445 862 1511; x_wconf 85' lang='lat' dir='ltr'><strong>praefatus</strong></span> <span class='ocrx_word' id='word_1_88' title='bbox 885 1446 1112 1494; x_wconf 92' lang='lat' dir='ltr'><strong>dominus</strong></span> <span class='ocrx_word' id='word_1_89' title='bbox 1135 1446 1334 1494; x_wconf 87' lang='lat' dir='ltr'><strong>Carolus</strong></span> <span class='ocrx_word' id='word_1_90' title='bbox 1363 1457 1410 1495; x_wconf 92' lang='lat' dir='ltr'><strong>et</strong></span> <span class='ocrx_word' id='word_1_91' title='bbox 1439 1444 1600 1495; x_wconf 87' lang='lat' dir='ltr'><strong>debite</strong></span> 
     </span>
     <span class='ocr_line' id='line_1_14' title="bbox 183 1523 1595 1590; baseline 0.001 -19"><span class='ocrx_word' id='word_1_92' title='bbox 183 1523 413 1590; x_wconf 85' lang='lat' dir='ltr'><strong>expeditis</strong></span> <span class='ocrx_word' id='word_1_93' title='bbox 456 1524 623 1572; x_wconf 90' lang='lat' dir='ltr'><strong>litteris</strong></span> <span class='ocrx_word' id='word_1_94' title='bbox 676 1524 771 1571; x_wconf 91' lang='lat' dir='ltr'><strong>suis</strong></span> <span class='ocrx_word' id='word_1_95' title='bbox 819 1524 880 1572; x_wconf 91' lang='lat' dir='ltr'><strong>de</strong></span> <span class='ocrx_word' id='word_1_96' title='bbox 917 1524 1234 1589; x_wconf 86' lang='lat' dir='ltr'><strong>assignatione</strong></span> <span class='ocrx_word' id='word_1_97' title='bbox 1269 1526 1595 1583; x_wconf 84' lang='lat' dir='ltr'><strong>Normanniae,</strong></span> 
     </span>
     <span class='ocr_line' id='line_1_15' title="bbox 182 1600 1602 1668; baseline 0.001 -20"><span class='ocrx_word' id='word_1_98' title='bbox 182 1601 323 1665; x_wconf 86' lang='lat' dir='ltr'><strong>regiis</strong></span> <span class='ocrx_word' id='word_1_99' title='bbox 362 1617 559 1666; x_wconf 92' lang='lat' dir='ltr'><strong>quoque</strong></span> <span class='ocrx_word' id='word_1_100' title='bbox 598 1600 837 1648; x_wconf 90' lang='lat' dir='ltr'><strong>mandatis</strong></span> <span class='ocrx_word' id='word_1_101' title='bbox 880 1611 929 1648; x_wconf 88' lang='lat' dir='ltr'><strong>et</strong></span> <span class='ocrx_word' id='word_1_102' title='bbox 970 1602 1330 1662; x_wconf 82' lang='lat' dir='ltr'><strong>commissariiS‚</strong></span> <span class='ocrx_word' id='word_1_103' title='bbox 1366 1603 1450 1667; x_wconf 92' lang='lat' dir='ltr'><strong>qui</strong></span> <span class='ocrx_word' id='word_1_104' title='bbox 1488 1619 1602 1668; x_wconf 85' lang='lat' dir='ltr'><strong>pos-</strong></span> 
     </span>
     <span class='ocr_line' id='line_1_16' title="bbox 182 1677 1603 1744; baseline 0.001 -18"><span class='ocrx_word' id='word_1_105' title='bbox 182 1678 444 1726; x_wconf 89' lang='lat' dir='ltr'><strong>sessionem</strong></span> <span class='ocrx_word' id='word_1_106' title='bbox 483 1677 777 1744; x_wconf 85' lang='lat' dir='ltr'><strong>oppidorum</strong></span> <span class='ocrx_word' id='word_1_107' title='bbox 814 1688 863 1726; x_wconf 89' lang='lat' dir='ltr'><strong>et</strong></span> <span class='ocrx_word' id='word_1_108' title='bbox 898 1688 1190 1739; x_wconf 86' lang='lat' dir='ltr'><strong>castrorum,</strong></span> <span class='ocrx_word' id='word_1_109' title='bbox 1233 1696 1339 1744; x_wconf 88' lang='lat' dir='ltr'><strong>quae</strong></span> <span class='ocrx_word' id='word_1_110' title='bbox 1381 1680 1603 1728; x_wconf 91' lang='lat' dir='ltr'><strong>nondum</strong></span> 
     </span>
     <span class='ocr_line' id='line_1_17' title="bbox 181 1754 1603 1822; baseline 0.002 -20"><span class='ocrx_word' id='word_1_111' title='bbox 181 1765 453 1821; x_wconf 85' lang='lat' dir='ltr'><strong>receperat,</strong></span> <span class='ocrx_word' id='word_1_112' title='bbox 489 1754 828 1803; x_wconf 87' lang='lat' dir='ltr'><strong>contraderent</strong></span> <span class='ocrx_word' id='word_1_113' title='bbox 839 1758 868 1816; x_wconf 92' lang='lat'><strong>¹,</strong></span> <span class='ocrx_word' id='word_1_114' title='bbox 895 1756 1154 1819; x_wconf 84' lang='lat' dir='ltr'><strong>comitante</strong></span> <span class='ocrx_word' id='word_1_115' title='bbox 1178 1757 1337 1822; x_wconf 92' lang='lat' dir='ltr'><strong>ipsum</strong></span> <span class='ocrx_word' id='word_1_116' title='bbox 1360 1756 1482 1805; x_wconf 93' lang='lat' dir='ltr'><strong>duce</strong></span> <span class='ocrx_word' id='word_1_117' title='bbox 1502 1759 1603 1806; x_wconf 90' lang='lat' dir='ltr'><strong>Bri-</strong></span> 
     </span>
     <span class='ocr_line' id='line_1_18' title="bbox 182 1833 1603 1901; baseline 0.003 -21"><span class='ocrx_word' id='word_1_118' title='bbox 182 1833 381 1894; x_wconf 85' lang='lat' dir='ltr'><strong>tanniae,</strong></span> <span class='ocrx_word' id='word_1_119' title='bbox 406 1850 519 1881; x_wconf 93' lang='lat' dir='ltr'><strong>cum</strong></span> <span class='ocrx_word' id='word_1_120' title='bbox 540 1833 724 1898; x_wconf 87' lang='lat' dir='ltr'><strong>magnis</strong></span> <span class='ocrx_word' id='word_1_121' title='bbox 750 1850 950 1881; x_wconf 90' lang='lat' dir='ltr'><strong>suorum</strong></span> <span class='ocrx_word' id='word_1_122' title='bbox 973 1835 1223 1882; x_wconf 89' lang='lat' dir='ltr'><strong>Britonum</strong></span> <span class='ocrx_word' id='word_1_123' title='bbox 1245 1835 1420 1901; x_wconf 83' lang='lat' dir='ltr'><strong>copiiS,</strong></span> <span class='ocrx_word' id='word_1_124' title='bbox 1445 1845 1492 1883; x_wconf 92' lang='lat' dir='ltr'><strong>et</strong></span> <span class='ocrx_word' id='word_1_125' title='bbox 1513 1853 1603 1885; x_wconf 89' lang='lat' dir='ltr'><strong>co-</strong></span> 
     </span>
     <span class='ocr_line' id='line_1_19' title="bbox 181 1911 1603 1974; baseline 0.002 -15"><span class='ocrx_word' id='word_1_126' title='bbox 181 1912 295 1961; x_wconf 86' lang='lat' dir='ltr'><strong>mite</strong></span> <span class='ocrx_word' id='word_1_127' title='bbox 330 1912 570 1974; x_wconf 87' lang='lat' dir='ltr'><strong>Dunensi,</strong></span> <span class='ocrx_word' id='word_1_128' title='bbox 607 1921 657 1959; x_wconf 90' lang='lat' dir='ltr'><strong>et</strong></span> <span class='ocrx_word' id='word_1_129' title='bbox 687 1911 889 1959; x_wconf 90' lang='lat' dir='ltr'><strong>domino</strong></span> <span class='ocrx_word' id='word_1_130' title='bbox 924 1911 985 1960; x_wconf 91' lang='lat' dir='ltr'><strong>de</strong></span> <span class='ocrx_word' id='word_1_131' title='bbox 1014 1913 1198 1973; x_wconf 77' lang='lat' dir='ltr'><strong>Bueil’,</strong></span> <span class='ocrx_word' id='word_1_132' title='bbox 1235 1923 1283 1960; x_wconf 90' lang='lat' dir='ltr'><strong>et</strong></span> <span class='ocrx_word' id='word_1_133' title='bbox 1318 1913 1518 1962; x_wconf 90' lang='lat' dir='ltr'><strong>domino</strong></span> <span class='ocrx_word' id='word_1_134' title='bbox 1542 1914 1603 1962; x_wconf 90' lang='lat' dir='ltr'><strong>de</strong></span> 
     </span>
     <span class='ocr_line' id='line_1_20' title="bbox 185 1987 1604 2055; baseline 0.003 -19"><span class='ocrx_word' id='word_1_135' title='bbox 185 1987 506 2050; x_wconf 56' lang='lat' dir='ltr'><strong>Chaumonffi,</strong></span> <span class='ocrx_word' id='word_1_136' title='bbox 545 2006 658 2037; x_wconf 90' lang='lat' dir='ltr'><strong>cum</strong></span> <span class='ocrx_word' id='word_1_137' title='bbox 705 1989 1070 2055; x_wconf 90' lang='lat' dir='ltr'><strong>quampluribus</strong></span> <span class='ocrx_word' id='word_1_138' title='bbox 1109 1989 1354 2038; x_wconf 90' lang='lat' dir='ltr'><strong>nobilibus</strong></span> <span class='ocrx_word' id='word_1_139' title='bbox 1399 1991 1604 2040; x_wconf 91' lang='lat' dir='ltr'><strong>ducatus</strong></span> 
     </span>
     <span class='ocr_line' id='line_1_21' title="bbox 183 2067 1604 2133; baseline 0.002 -19"><span class='ocrx_word' id='word_1_140' title='bbox 183 2067 486 2115; x_wconf 87' lang='lat' dir='ltr'><strong>Bituricensis</strong></span> <span class='ocrx_word' id='word_1_141' title='bbox 521 2077 569 2115; x_wconf 89' lang='lat' dir='ltr'><strong>et</strong></span> <span class='ocrx_word' id='word_1_142' title='bbox 605 2067 708 2115; x_wconf 88' lang='lat' dir='ltr'><strong>aliis</strong></span> <span class='ocrx_word' id='word_1_143' title='bbox 741 2067 989 2115; x_wconf 86' lang='lat' dir='ltr'><strong>variorum</strong></span> <span class='ocrx_word' id='word_1_144' title='bbox 1027 2077 1262 2130; x_wconf 90' lang='lat' dir='ltr'><strong>statuum,</strong></span> <span class='ocrx_word' id='word_1_145' title='bbox 1302 2069 1410 2133; x_wconf 90' lang='lat' dir='ltr'><strong>qui,</strong></span> <span class='ocrx_word' id='word_1_146' title='bbox 1456 2069 1604 2117; x_wconf 92' lang='lat' dir='ltr'><strong>solius</strong></span> 
     </span>
     <span class='ocr_line' id='line_1_22' title="bbox 181 2144 1599 2213; baseline 0.003 -21"><span class='ocrx_word' id='word_1_147' title='bbox 181 2144 353 2210; x_wconf 84' lang='lat' dir='ltr'><strong>praedae</strong></span> <span class='ocrx_word' id='word_1_148' title='bbox 372 2155 421 2193; x_wconf 88' lang='lat' dir='ltr'><strong>et</strong></span> <span class='ocrx_word' id='word_1_149' title='bbox 442 2145 707 2211; x_wconf 88' lang='lat' dir='ltr'><strong>spoliorum</strong></span> <span class='ocrx_word' id='word_1_150' title='bbox 733 2147 1039 2194; x_wconf 86' lang='lat' dir='ltr'><strong>Normanniae</strong></span> <span class='ocrx_word' id='word_1_151' title='bbox 1063 2148 1210 2211; x_wconf 87' lang='lat' dir='ltr'><strong>gratia</strong></span> <span class='ocrx_word' id='word_1_152' title='bbox 1225 2183 1239 2206; x_wconf 96' lang='lat'><strong><em>,</em></strong></span> <span class='ocrx_word' id='word_1_153' title='bbox 1266 2148 1426 2213; x_wconf 89' lang='lat' dir='ltr'><strong>ipsum</strong></span> <span class='ocrx_word' id='word_1_154' title='bbox 1443 2165 1599 2197; x_wconf 89' lang='lat' dir='ltr'><strong>assec-</strong></span> 
     </span>
     <span class='ocr_line' id='line_1_23' title="bbox 183 2221 1603 2287; baseline 0.002 -17"><span class='ocrx_word' id='word_1_155' title='bbox 183 2222 274 2270; x_wconf 87' lang='lat' dir='ltr'><strong>tari</strong></span> <span class='ocrx_word' id='word_1_156' title='bbox 308 2221 611 2285; x_wconf 85' lang='lat' dir='ltr'><strong>videbantur,</strong></span> <span class='ocrx_word' id='word_1_157' title='bbox 640 2222 995 2287; x_wconf 89' lang='lat' dir='ltr'><strong>Rothomagum</strong></span> <span class='ocrx_word' id='word_1_158' title='bbox 1017 2240 1180 2271; x_wconf 86' lang='lat' dir='ltr'><strong>versus</strong></span> <span class='ocrx_word' id='word_1_159' title='bbox 1201 2225 1290 2272; x_wconf 88' lang='lat' dir='ltr'><strong>iter</strong></span> <span class='ocrx_word' id='word_1_160' title='bbox 1314 2225 1502 2272; x_wconf 86' lang='lat' dir='ltr'><strong>direxit.</strong></span> <span class='ocrx_word' id='word_1_161' title='bbox 1531 2225 1603 2272; x_wconf 83' lang='lat' dir='ltr'><strong>Ad</strong></span> 
     </span>
     <span class='ocr_line' id='line_1_24' title="bbox 185 2299 1604 2367; baseline 0.001 -19"><span class='ocrx_word' id='word_1_162' title='bbox 185 2315 331 2365; x_wconf 88' lang='lat' dir='ltr'><strong>quam</strong></span> <span class='ocrx_word' id='word_1_163' title='bbox 364 2299 533 2348; x_wconf 87' lang='lat' dir='ltr'><strong>urbem</strong></span> <span class='ocrx_word' id='word_1_164' title='bbox 564 2299 862 2347; x_wconf 89' lang='lat' dir='ltr'><strong>confluentes</strong></span> <span class='ocrx_word' id='word_1_165' title='bbox 882 2317 937 2347; x_wconf 90' lang='lat' dir='ltr'><strong>ex</strong></span> <span class='ocrx_word' id='word_1_166' title='bbox 958 2300 1156 2348; x_wconf 90' lang='lat' dir='ltr'><strong>diversis</strong></span> <span class='ocrx_word' id='word_1_167' title='bbox 1177 2303 1325 2349; x_wconf 90' lang='lat' dir='ltr'><strong>totius</strong></span> <span class='ocrx_word' id='word_1_168' title='bbox 1346 2302 1604 2367; x_wconf 87' lang='lat' dir='ltr'><strong>provinciae</strong></span> 
     </span>
     <span class='ocr_line' id='line_1_25' title="bbox 186 2375 1605 2444; baseline 0.003 -20"><span class='ocrx_word' id='word_1_169' title='bbox 186 2376 403 2444; x_wconf 80' lang='lat' dir='ltr'><strong>partibus</strong></span> <span class='ocrx_word' id='word_1_170' title='bbox 446 2377 628 2443; x_wconf 89' lang='lat' dir='ltr'><strong>praelati</strong></span> <span class='ocrx_word' id='word_1_171' title='bbox 667 2385 714 2424; x_wconf 90' lang='lat' dir='ltr'><strong>et</strong></span> <span class='ocrx_word' id='word_1_172' title='bbox 740 2375 926 2424; x_wconf 89' lang='lat' dir='ltr'><strong>nobiles</strong></span> <span class='ocrx_word' id='word_1_173' title='bbox 944 2413 957 2436; x_wconf 90' lang='lat'>‚</span> <span class='ocrx_word' id='word_1_174' title='bbox 994 2379 1096 2442; x_wconf 93' lang='lat' dir='ltr'><strong>ejus</strong></span> <span class='ocrx_word' id='word_1_175' title='bbox 1133 2378 1228 2426; x_wconf 91' lang='lat' dir='ltr'><strong>illic</strong></span> <span class='ocrx_word' id='word_1_176' title='bbox 1262 2379 1605 2444; x_wconf 88' lang='lat' dir='ltr'><strong>operiebantur</strong></span> 
     </span>
     <span class='ocr_line' id='line_1_26' title="bbox 188 2453 1600 2520; baseline 0.004 -20"><span class='ocrx_word' id='word_1_177' title='bbox 188 2453 463 2502; x_wconf 82' lang='lat' dir='ltr'><strong>adventum.</strong></span> <span class='ocrx_word' id='word_1_178' title='bbox 492 2457 576 2513; x_wconf 91' lang='lat' dir='ltr'><strong>Et,</strong></span> <span class='ocrx_word' id='word_1_179' title='bbox 597 2471 660 2502; x_wconf 91' lang='lat' dir='ltr'><strong>ne</strong></span> <span class='ocrx_word' id='word_1_180' title='bbox 682 2464 873 2520; x_wconf 88' lang='lat' dir='ltr'><strong>tempus</strong></span> <span class='ocrx_word' id='word_1_181' title='bbox 889 2455 1041 2502; x_wconf 94' lang='lat' dir='ltr'><strong>otiose</strong></span> <span class='ocrx_word' id='word_1_182' title='bbox 1064 2465 1111 2502; x_wconf 94' lang='lat' dir='ltr'><strong>et</strong></span> <span class='ocrx_word' id='word_1_183' title='bbox 1129 2455 1359 2504; x_wconf 89' lang='lat' dir='ltr'><strong>inutiliter</strong></span> <span class='ocrx_word' id='word_1_184' title='bbox 1376 2467 1600 2519; x_wconf 84' lang='lat' dir='ltr'><strong>tererent,</strong></span> 
     </span>
     <span class='ocr_line' id='line_1_27' title="bbox 189 2529 1604 2598; baseline 0.004 -22"><span class='ocrx_word' id='word_1_185' title='bbox 189 2529 240 2576; x_wconf 92' lang='lat' dir='ltr'><strong>in</strong></span> <span class='ocrx_word' id='word_1_186' title='bbox 273 2529 420 2579; x_wconf 91' lang='lat' dir='ltr'><strong>domo</strong></span> <span class='ocrx_word' id='word_1_187' title='bbox 456 2531 731 2580; x_wconf 86' lang='lat' dir='ltr'><strong>consulatus</strong></span> <span class='ocrx_word' id='word_1_188' title='bbox 763 2530 979 2595; x_wconf 85' lang='lat' dir='ltr'><strong>ejusdem</strong></span> <span class='ocrx_word' id='word_1_189' title='bbox 1002 2531 1157 2594; x_wconf 87' lang='lat' dir='ltr'><strong>urbis,</strong></span> <span class='ocrx_word' id='word_1_190' title='bbox 1183 2533 1454 2598; x_wconf 86' lang='lat' dir='ltr'><strong>frequentes</strong></span> <span class='ocrx_word' id='word_1_191' title='bbox 1478 2535 1604 2582; x_wconf 88' lang='lat' dir='ltr'><strong>inter</strong></span> 
     </span>
    </p>
   </div>
   <div class='ocr_carea' id='block_1_6' title="bbox 245 2676 1438 2847">
    <p class='ocr_par' dir='ltr' id='par_1_6' title="bbox 245 2676 1438 2847">
     <span class='ocr_line' id='line_1_28' title="bbox 245 2676 868 2725; baseline 0.005 -12"><span class='ocrx_word' id='word_1_192' title='bbox 245 2676 285 2713; x_wconf 79' lang='lat'><strong>1.</strong></span> <span class='ocrx_word' id='word_1_193' title='bbox 319 2676 603 2725; x_wconf 73' lang='lat' dir='ltr'><strong>Contende-rent,</strong></span> <span class='ocrx_word' id='word_1_194' title='bbox 626 2676 722 2716; x_wconf 86' lang='lat' dir='ltr'><strong>dans</strong></span> <span class='ocrx_word' id='word_1_195' title='bbox 740 2677 777 2715; x_wconf 87' lang='lat' dir='ltr'><strong>le</strong></span> <span class='ocrx_word' id='word_1_196' title='bbox 797 2691 868 2716; x_wconf 91' lang='lat' dir='ltr'><strong>ms.</strong></span> 
     </span>
     <span class='ocr_line' id='line_1_29' title="bbox 246 2734 1054 2784; baseline 0.002 -10"><span class='ocrx_word' id='word_1_197' title='bbox 246 2734 285 2776; x_wconf 75' lang='lat'><strong>2.</strong></span> <span class='ocrx_word' id='word_1_198' title='bbox 317 2736 414 2772; x_wconf 86' lang='lat' dir='ltr'><strong>Jean</strong></span> <span class='ocrx_word' id='word_1_199' title='bbox 434 2734 484 2772; x_wconf 83' lang='lat' dir='ltr'><strong>de</strong></span> <span class='ocrx_word' id='word_1_200' title='bbox 501 2735 628 2784; x_wconf 92' lang='lat' dir='ltr'><strong>Beuil,</strong></span> <span class='ocrx_word' id='word_1_201' title='bbox 646 2745 771 2775; x_wconf 89' lang='lat' dir='ltr'><strong>comte</strong></span> <span class='ocrx_word' id='word_1_202' title='bbox 787 2736 836 2775; x_wconf 94' lang='lat' dir='ltr'><strong>de</strong></span> <span class='ocrx_word' id='word_1_203' title='bbox 854 2739 1054 2777; x_wconf 85' lang='lat' dir='ltr'><strong>Sancerre.</strong></span> 
     </span>
     <span class='ocr_line' id='line_1_30' title="bbox 247 2793 1438 2847; baseline 0.002 -14"><span class='ocrx_word' id='word_1_204' title='bbox 247 2796 285 2833; x_wconf 87' lang='grc'><strong>3.</strong></span> <span class='ocrx_word' id='word_1_205' title='bbox 316 2793 447 2833; x_wconf 89' lang='lat' dir='ltr'><strong>Pierre</strong></span> <span class='ocrx_word' id='word_1_206' title='bbox 465 2793 702 2844; x_wconf 84' lang='lat' dir='ltr'><strong>d&#39;Amboise,</strong></span> <span class='ocrx_word' id='word_1_207' title='bbox 722 2796 903 2847; x_wconf 86' lang='lat' dir='ltr'><strong>seigneur</strong></span> <span class='ocrx_word' id='word_1_208' title='bbox 921 2796 970 2834; x_wconf 90' lang='lat' dir='ltr'><strong>de</strong></span> <span class='ocrx_word' id='word_1_209' title='bbox 989 2796 1438 2843; x_wconf 76' lang='lat' dir='ltr'><strong>chaumont-sur-Loire.</strong></span> 
     </span>
    </p>
   </div>
  </div>
 </body>
</html>
