2054 3470
723 310 870 347 mmm
913 310 1143 356 Qulwrus,
1564 311 1640 348 375

231 397 571 464 impendebant
601 398 809 458 favores,
845 396 1021 444 damna
1042 397 1374 461 hujuscemodi
1395 398 1642 447 Sabaudiae

229 475 506 524 intulerunt.

699 647 1042 694 CAPITULUM
1064 654 1066 657 ’
1092 648 1170 692 111.

325 785 509 820 Processu,
518 809 529 827 ,
546 783 796 819 condemnatio
814 792 849 818 et
864 783 1040 818 exsecutio
1055 783 1093 818 in
1111 783 1275 818 comitem
1289 783 1546 827 Sancti-Pauli,

670 838 986 874 conestabularium
1001 837 1157 873 Franciae
1171 838 1198 872 ¹.

297 957 446 1002 Porro
462 955 650 1002 silentio
666 954 1049 1020 praetereundum
1070 972 1170 1003 non
1194 955 1306 1014 erit,
1335 956 1452 1021 quid
1475 956 1536 1004 de
1557 973 1640 1004 co·

232 1032 345 1080 mite
367 1032 707 1092 Sancti-Pauli,
739 1043 993 1100 postquam
1016 1034 1064 1080 in
1091 1049 1200 1081 suas
1226 1050 1395 1082 manus
1422 1033 1640 1082 devenis-

231 1118 323 1170 set,
360 1112 652 1156 Francorum
683 1127 762 1158 rex
796 1110 1034 1174 agendum
1071 1110 1350 1158 decreverit.
1387 1111 1643 1159 Restitutus

231 1202 404 1251 nempe
424 1203 453 1234 a
473 1186 596 1234 duce
618 1187 1010 1252 Burgundionum
1024 1223 1036 1247 ‚
1067 1197 1119 1234 ut
1150 1188 1360 1235 diximus
1376 1225 1389 1247 ‚
1415 1188 1550 1252 jussu
1570 1205 1644 1236 re·

233 1264 301 1328 gis
318 1263 407 1310 sub
430 1263 590 1311 solerti
613 1265 830 1313 custodia
849 1266 1049 1312 Parisios
1073 1265 1308 1313 adductus
1331 1274 1428 1325 est3
1456 1283 1644 1331 proces-

233 1357 384 1406 suque
396 1351 563 1389 contra
585 1359 696 1390 eum
719 1344 828 1391 satis
849 1344 1106 1391 summarie
1123 1343 1289 1391 habito
1308 1343 1356 1391 in
1377 1344 1508 1391 curia
1532 1346 1643 1391 Par-

233 1418 427 1466 lamenti
445 1419 578 1482 (nam
600 1420 701 1484 ejus
731 1421 930 1468 crimina
960 1420 1289 1486 proditionum
1320 1430 1464 1485 atque
1489 1422 1642 1469 varia-

234 1511 340 1542 rum
362 1495 669 1561 perfidiarum
688 1533 700 1555 ,
725 1507 827 1544 tum
847 1514 904 1544 ex
923 1497 1018 1544 suis
1042 1496 1444 1556 confessionibuS,
1471 1506 1574 1544 tum
1597 1507 1643 1544 et

235 1588 320 1637 per
347 1573 522 1620 litteras
546 1574 689 1637 signis
717 1574 813 1620 suis
842 1590 897 1621 ac
921 1573 1080 1639 sigillis
1104 1574 1449 1632 communitas,
1471 1583 1518 1622 et
1541 1573 1642 1621 aliis

234 1650 400 1697 validis
422 1651 721 1698 documentis
735 1652 861 1699 illico
878 1651 1143 1716 approbata
1165 1650 1306 1698 fuisse
1326 1650 1637 1714 ferebantur),

234 1727 421 1793 capitali
452 1729 711 1790 sententia,
748 1738 975 1793 tanquam
1006 1728 1127 1790 regis
1161 1737 1208 1774 et
1236 1727 1368 1790 regni
1403 1727 1637 1792 proditor,

233 1804 483 1852 damnatus
505 1815 575 1853 est
597 1823 683 1871 per
710 1805 1044 1854 cancellarium
1075 1805 1258 1868 regium
1270 1806 1300 1863 ²,
1332 1821 1477 1868 quem
1499 1804 1642 1868 hujus

232 1882 300 1928 rei
329 1883 498 1945 gratia,
526 1892 578 1929 ut
605 1883 706 1946 ejus
733 1882 1072 1930 condemnatio
1101 1881 1335 1929 celebrior
1368 1880 1635 1943 duceretur,

234 1976 315 2007 rex
349 1960 549 2007 Parisios
577 1961 740 2008 venire
772 1971 817 2008 et
848 1962 896 2007 in
931 1977 1018 2008 suo
1055 1961 1356 2008 Parlamento
1388 1960 1640 2025 praesidere

233 2036 463 2084 voluerat.

300 2116 562 2161 Damnatus
583 2125 768 2175 autem,
798 2131 826 2162 a
852 2114 1097 2161 nonnullis
1121 2114 1330 2161 dominis
1352 2113 1414 2161 ad
1440 2114 1531 2162 hoc
1558 2114 1642 2162 de-

237 2191 412 2255 putatis
436 2200 484 2237 et
514 2191 715 2238 tribunis
738 2192 939 2239 militum
958 2229 970 2252 ,
997 2208 1170 2255 magna
1193 2191 1335 2238 etiam
1359 2191 1565 2239 militum
1587 2210 1642 2240 ac

235 2267 411 2314 civium
434 2267 687 2314 comitatus
708 2278 892 2314 caterva
914 2304 926 2327 ,
957 2284 1069 2315 cum
1096 2267 1320 2314 omnibus
1349 2268 1562 2332 insigniis
1590 2270 1645 2316 il-

235 2345 325 2391 lius
347 2343 491 2391 officii
517 2360 572 2391 ac
603 2344 865 2408 dignitatis,
904 2362 1051 2408 quam
1084 2344 1464 2403 administrarat,
1499 2355 1641 2410 atque

237 2431 407 2485 torque
429 2421 592 2484 regia³,
619 2438 765 2486 quam
788 2421 997 2485 gestabat
1018 2421 1080 2468 ad
1107 2421 1301 2483 collum,
1328 2423 1439 2469 satis
1463 2424 1644 2486 magni-

237 2496 326 2545 fice
362 2507 558 2545 ornatus
579 2535 591 2558 ,
631 2499 692 2545 ad
735 2498 897 2545 locum
929 2498 1149 2563 supplicii
1184 2508 1253 2545 est
1285 2498 1547 2560 deductus,
1584 2499 1644 2545 ad

291 2619 329 2655 1.
360 2616 539 2668 Chapitre
557 2617 735 2669 imprime
759 2631 807 2656 en
831 2619 954 2671 partie
978 2618 1074 2657 dans
1098 2619 1152 2657 les
1178 2622 1393 2669 Meslanges
1417 2620 1573 2656 cariem:
1599 2618 1647 2656 de

237 2675 412 2727 Philippe
438 2675 584 2725 Labbe,
605 2691 644 2728 p.
669 2680 760 2717 710.
1523 2683 1527 2685 ’

291 2736 331 2775 2.
363 2736 493 2775 Pieri-e
513 2737 710 2776 d’Oriolle.

294 2797 331 2832 3.
362 2798 415 2832 Le
436 2795 570 2833 collier
588 2796 635 2834 de
654 2796 796 2836 l’ordre
814 2798 862 2836 de
882 2798 1159 2837 Saint-Michel.
