2054 3470
802 331 946 368 LIBER
974 330 1174 366 PRIMUS.
1642 329 1692 385 ’1¹5

286 434 464 490 potest,
495 438 606 470 cum
633 420 682 466 in
710 434 857 482 regno
887 417 980 464 sint
1003 416 1174 476 duces,
1206 417 1430 476 comites,
1462 415 1692 474 baroneS‚

288 500 458 548 milites
471 514 526 546 ac
538 495 723 544 nobiles
742 511 875 560 paene
898 494 1159 553 innumeri,
1184 493 1266 558 qui
1287 493 1434 540 saltus
1452 491 1698 556 sylvasque

289 580 349 627 de
386 575 577 643 proprio
604 573 895 638 patrimonio
930 571 1113 620 habent
1141 581 1189 619 et
1219 572 1301 636 qui
1332 571 1539 619 venandi
1565 587 1698 618 exer-

290 655 408 703 citiis
429 653 479 700 in
505 650 683 699 eisdem
711 650 994 696 inconcusse
1025 649 1095 696 uti
1123 657 1458 707 assueverunt,
1486 657 1534 694 et
1551 647 1629 710 jus
1653 647 1701 693 id

291 730 460 796 agendi
481 728 633 794 (quod
649 727 852 793 propriae
870 726 1128 774 nobilitatis
1147 726 1422 774 exercitium
1447 726 1538 790 est)
1562 726 1704 773 etiam

293 807 549 874 expressim
577 822 663 870 per
690 814 840 852 cartas
868 821 1063 852 suarum
1090 804 1497 865 infeodationum,
1532 812 1579 850 et
1605 803 1707 850 aliis

293 884 595 952 apertissimis
614 883 932 943 documentis,
956 882 1207 930 ostendere
1229 883 1413 947 possint
1435 899 1485 930 se
1506 881 1704 929 habere.

296 961 413 1020 Quis
431 976 530 1007 non
552 959 709 1007 videat
729 969 907 1024 quanta
925 961 983 1006 sit
1002 958 1211 1014 edictum
1230 958 1507 1022 hujusmodi
1525 958 1710 1005 ratione

297 1037 574 1097 subnixum,
613 1054 712 1101 quo
727 1073 740 1096 ,
786 1053 876 1101 pro
921 1035 1024 1083 solo
1063 1045 1183 1082 nutu
1223 1044 1270 1082 et
1308 1035 1711 1082 inordinatissima

299 1116 561 1176 voluntate,
582 1115 688 1179 jura
710 1113 1014 1162 subditorum
1035 1123 1083 1159 et
1100 1112 1387 1178 patrimonia
1409 1112 1714 1160 auferuntur?

303 1193 535 1241 Potuisset
556 1191 715 1239 forsan
742 1191 904 1256 aliquo
933 1189 1199 1238 honestatis
1221 1190 1384 1238 colore
1409 1188 1502 1238 tale
1524 1189 1717 1237 defendi

302 1271 537 1332 edictum,
564 1270 604 1317 si
627 1285 756 1317 raras
781 1277 827 1316 et
854 1268 1044 1332 exiguas
1066 1268 1219 1332 sylvas
1243 1267 1484 1332 saltusque
1505 1267 1720 1315 venatio-

305 1365 424 1396 num
449 1345 656 1413 [parum]
681 1346 850 1394 uberes
868 1363 947 1392 rex
975 1346 1023 1393 in
1048 1362 1135 1392 suo
1161 1362 1308 1410 regno
1326 1345 1526 1392 baberet
1549 1346 1722 1410 (quan-

307 1440 470 1489 quam,
486 1441 575 1472 nec
593 1422 658 1471 ob
670 1423 737 1483 id,
751 1423 876 1486 juste
895 1423 1004 1470 satis
1026 1423 1197 1470 salvari
1216 1422 1488 1488 potuisset);
1507 1421 1591 1469 sed
1611 1438 1723 1468 cum

308 1518 395 1567 per
429 1517 625 1548 omnem
659 1500 861 1548 Galliam
889 1511 935 1547 et
967 1501 1236 1565 provincias
1268 1501 1402 1564 regni
1429 1504 1724 1548 Francorum

313 1579 407 1625 sint
428 1578 644 1625 maximae
666 1587 713 1624 et
731 1577 967 1626 latissimae
983 1577 1142 1641 sylvae,
1157 1578 1299 1624 variis
1315 1577 1524 1624 ferarum
1546 1577 1727 1625 refertoe

315 1653 569 1719 generibus
582 1689 596 1714 ,
622 1663 670 1701 et
693 1664 787 1714 tot,
816 1654 948 1719 quod
967 1655 1046 1701 vix
1068 1653 1337 1702 sufficerent
1358 1655 1602 1702 numerari
1623 1671 1729 1719 quae

313 1731 374 1778 de
397 1731 595 1796 proprio
617 1732 739 1794 regis
761 1731 1049 1796 patrimonio
1074 1732 1303 1779 exsistunt
1329 1731 1490 1796 (quas,
1522 1732 1666 1779 etiam
1691 1732 1729 1777 si

315 1809 415 1873 ipse
435 1824 519 1854 rex
536 1809 848 1856 Mathusalem
870 1818 1076 1873 aequaret
1090 1825 1262 1868 annos,
1281 1825 1371 1856 nec
1386 1808 1516 1855 aliud
1533 1825 1731 1874 prorsus

317 1894 475 1948 ageret
491 1901 635 1949 quam
657 1886 837 1946 venari,
861 1902 1028 1932 omnes
1049 1895 1095 1932 et
1117 1885 1323 1949 singulas
1346 1885 1629 1950 perlustrare
1652 1894 1733 1932 aut

317 1961 569 2009 exhaurire
591 1961 924 2010 venationibus
946 1963 1142 2010 minime
1164 1963 1375 2028 posset),
1402 1979 1508 2027 quae
1532 1963 1730 2027 justitia,

320 2055 424 2102 quae
439 2038 651 2103 aequitas,
671 2056 776 2104 quae
795 2039 1068 2087 humanitas
1090 2041 1229 2104 regis,
1251 2041 1516 2087 innumeris
1533 2039 1735 2087 subditis

321 2115 417 2162 suis
434 2115 543 2179 jura
566 2116 990 2180 patrimoniorum,
1018 2117 1385 2164 commoditates
1407 2127 1551 2182 atque
1573 2117 1738 2164 solatia

323 2191 500 2240 eisdem
531 2209 739 2252 annexa,
759 2210 863 2258 quae
889 2211 978 2241 nec
1006 2194 1096 2241 sibi
1125 2194 1186 2242 ad
1212 2194 1461 2242 utilitatem
1487 2194 1635 2242 ullam
1662 2211 1738 2242 ce-

327 2269 439 2318 dere
470 2272 675 2337 possint,
711 2289 811 2318 uno
843 2271 1018 2333 verbo,
1055 2290 1146 2338 pro
1181 2272 1312 2319 nuda
1346 2289 1432 2320 sua
1466 2272 1735 2332 voluntate,

328 2346 492 2395 tollere
513 2357 655 2413 atque
676 2348 924 2397 inhibere?
944 2349 1143 2414 praelatis
1163 2360 1323 2397 autem
1342 2350 1486 2397 etiam
1507 2349 1741 2396 universis

332 2423 568 2487 similiter,
609 2426 771 2490 quoad
802 2426 920 2486 hoc,
960 2427 1267 2475 ecclesiarum
1295 2445 1489 2475 suarum
1517 2430 1626 2492 jura
1653 2443 1741 2473 au-

333 2500 480 2549 ferre?
507 2505 628 2550 Sunt
656 2505 832 2552 atenim
855 2506 1103 2570 permulti,
1127 2507 1210 2570 qui
1232 2507 1386 2570 sylvas
1412 2507 1653 2570 saltusque
1683 2504 1743 2550 de

337 2596 527 2628 suarum
554 2584 842 2647 patrimonio
872 2585 1176 2632 ecclesiarum
1201 2584 1401 2645 habent,
1430 2595 1478 2632 et
1499 2585 1576 2648 jus
1603 2583 1743 2630 etiam

338 2655 544 2704 venandi
558 2659 607 2704 in
625 2661 866 2707 nonnullis
888 2662 1029 2724 sylvis
1050 2671 1096 2708 et
1115 2662 1309 2709 saltibus
1327 2662 1487 2725 regiis;
1514 2657 1746 2706 nonnulla

340 2732 482 2779 etiam
512 2744 693 2782 exstant
721 2740 1028 2798 monasteria,
1061 2755 1202 2802 super
1230 2737 1507 2801 hujusmodi
1531 2735 1745 2782 venatio-

343 2825 459 2855 num
493 2809 903 2876 piscationumque
931 2814 1210 2861 utilitatibus
1240 2815 1288 2861 in
1318 2813 1512 2861 saltibus
1539 2822 1586 2859 et
1615 2812 1749 2874 aquis
