2054 3470
337 290 349 324 1
362 291 383 324 0
700 288 1043 328 HISTORIARUM
1070 290 1306 329 LUDOVICI
1332 292 1388 329 xl

333 373 463 426 fuere
481 395 700 445 numero.
722 379 1030 427 Postmodum
1045 396 1159 426 vero
1178 396 1259 426 rex
1271 379 1332 427 ad
1346 380 1617 428 convivium
1633 397 1744 429 cum

334 455 627 521 principibus
649 464 696 502 et
715 455 917 520 praelatis
941 456 1156 515 recessit,
1182 456 1314 520 quod
1344 457 1609 521 sumptibus
1632 458 1744 505 civi-

333 533 440 579 tatis
471 532 934 596 magnificentissime
972 542 1018 579 et
1051 533 1430 598 splendidissime
1465 534 1744 600 adparatum

333 619 432 656 erat
454 610 502 656 in
527 609 634 657 aula
657 610 838 674 majore
863 611 1023 675 palatii
1045 610 1476 675 archiepiscopalis.

399 686 595 751 Expleto
628 696 787 734 autem
819 687 1065 746 convivio,
1102 687 1256 734 statim
1289 705 1395 746 rex,
1431 698 1539 752 toga
1565 697 1743 738 mutata

333 780 501 828 quam,
537 764 654 811 dum
685 773 902 828 ageretur
935 764 1303 812 consecrationis
1333 766 1635 829 mysterium,
1673 768 1745 814 in-

333 840 530 902 duerat,
559 841 700 887 aliam
725 841 1010 901 bicolorem,
1038 850 1090 887 ut
1120 851 1368 906 perantea‚
1403 843 1480 889 vix
1512 859 1662 908 usque
1685 844 1744 891 ad

334 929 467 966 nates
490 920 861 985 pervenientem,
886 936 1147 986 assumens,
1167 919 1227 966 ad
1244 921 1415 983 gradus
1427 931 1536 969 ante
1554 932 1744 988 portam

332 997 620 1044 anteriorem
645 997 851 1044 ecclesiae
873 1015 1049 1062 equum
1072 998 1376 1056 conscendit,
1403 1016 1512 1046 cum
1539 1000 1746 1048 satelliti·

332 1073 423 1120 bus
443 1073 604 1121 multis
625 1073 685 1121 ad
710 1074 1054 1122 monasterium
1077 1074 1323 1140 prael'atum
1346 1077 1496 1123 sancti
1525 1076 1745 1124 Theodo-

332 1150 417 1198 rici
437 1166 651 1197 reversus
670 1153 700 1198 ².

397 1230 517 1275 Cum
540 1238 700 1276 autem
718 1228 843 1275 cives
866 1244 916 1275 se
940 1238 986 1275 et
1004 1229 1176 1276 urbem
1211 1245 1347 1277 suam
1380 1238 1520 1293 atque
1544 1230 1743 1294 patriam

334 1306 377 1352 ei
399 1307 831 1367 commendassent,
857 1307 1132 1371 suppliciter
1155 1317 1376 1371 rogantes
1398 1317 1631 1372 quatenus
1659 1308 1745 1355 tal-

330 1383 431 1439 lias,
462 1383 668 1447 gabellas
690 1394 735 1431 et
752 1384 935 1430 diversa
958 1384 1218 1449 vectigalia,
1236 1402 1262 1432 a
1276 1394 1408 1449 patre
1425 1401 1513 1432 suo
1530 1385 1594 1432 ob
1611 1402 1745 1448 guer-

331 1476 493 1507 rarum
517 1462 817 1508 necessitates
837 1461 1106 1526 impositas,
1134 1460 1210 1507 vel
1228 1461 1467 1507 remittere
1490 1461 1564 1508 vel
1587 1461 1746 1507 mode·

332 1538 424 1585 rari
446 1538 613 1596 vellet,
644 1555 696 1585 se
724 1538 986 1602 benignum
1025 1548 1165 1602 atque
1195 1538 1477 1585 clementem
1508 1547 1746 1586 ostentare

332 1615 519 1676 volens,
544 1615 735 1680 publice
759 1615 875 1662 dixit
896 1625 942 1662 et
964 1615 1201 1680 pollicitus
1231 1625 1300 1662 est
1335 1615 1492 1680 palam
1519 1614 1746 1663 omnibus

331 1709 380 1739 se
403 1693 607 1741 maxime
629 1693 898 1740 desiderare
918 1693 968 1740 id
991 1692 1195 1751 efficere,
1220 1692 1435 1756 velleque
1461 1691 1625 1739 tollere
1641 1708 1743 1739 om-

330 1785 414 1816 nes
451 1760 727 1832 hujusmodi
765 1770 914 1817 tallias
948 1779 995 1816 et
1028 1770 1296 1816 exactiones
1335 1768 1394 1815 de
1422 1777 1524 1815 toto
1562 1784 1740 1830 regno,

330 1847 581 1911 ipsumque
600 1863 798 1910 regnum
821 1846 883 1893 ad
905 1862 1013 1893 suas
1043 1846 1261 1909 antiquas
1282 1845 1520 1891 libertates
1542 1845 1742 1892 omnino

330 1924 576 1970 restituere
610 1934 658 1970 et
695 1925 973 1971 instaurare.
1007 1926 1158 1988 Super
1193 1939 1290 1986 quo
1326 1922 1492 1983 etiam,
1527 1922 1743 1987 sequenti

333 2001 427 2063 di'e,
457 2018 566 2048 cum
588 2018 675 2066 per
695 2001 951 2066 quemdam
975 2001 1252 2065 episcopum
1274 2000 1434 2063 regni'
1460 2000 1742 2065 supplicatio

330 2077 573 2125 humiliter
600 2095 655 2125 ac
687 2078 858 2125 devote
883 2077 973 2124 sibi
1001 2077 1157 2135 fieret,
1191 2086 1238 2123 et
1263 2086 1313 2122 ut
1344 2076 1476 2140 regni
1508 2075 1739 2141 populos,

332 2155 474 2202 tantis
513 2153 800 2201 tributorum
839 2153 1089 2211 oneribus,
1134 2154 1335 2216 angariis
1374 2163 1421 2199 et
1454 2154 1743 2217 perangariis

332 2231 660 2279 miserabiliter
682 2232 867 2279 attritos
892 2241 937 2278 et
956 2231 1155 2278 afflictos
1171 2240 1192 2289 ,'
1211 2231 1365 2277 levare
1388 2246 1472 2278 sua
1492 2230 1742 2280 clementia

333 2309 622 2374 dignaretur,
647 2308 804 2356 verbis
841 2308 1055 2373 plurimis
1086 2325 1135 2355 se
1165 2308 1214 2355 id
1236 2324 1378 2372 quam
1403 2307 1605 2354 maxime
1629 2307 1741 2356 affe-

333 2396 459 2434 ctare
488 2385 710 2433 ostendit.
740 2389 791 2432 ln
813 2386 977 2450 primis
1000 2386 1128 2431 enim
1148 2384 1431 2449 supplicanti
1454 2384 1623 2446 gratias
1642 2401 1741 2432 ma-

335 2479 449 2527 gnas
468 2479 517 2510 se
539 2461 878 2520 habere‘dixit,
900 2461 1032 2525 quod
1054 2461 1114 2508 de
1136 2477 1192 2508 ea
1207 2478 1259 2507 re
1279 2478 1390 2507 eum
1420 2462 1742 2510 commonefa-

335 2549 462 2588 ceret
491 2556 618 2604 quae,
652 2555 748 2605 prae
774 2538 998 2585 omnibus
1019 2537 1161 2584 rebus
1182 2536 1521 2602 temporalibus
1538 2574 1550 2597 ,
1580 2539 1742 2586 animo

391 2681 429 2718 1.
459 2679 534 2716 Sic.
557 2675 737 2727 Corrigez
756 2688 977 2712 reversurus.

392 2738 431 2774 2.
463 2737 531 2775 Cet
555 2736 703 2785 eveque
725 2733 816 2772 etait
839 2733 1004 2771 Thomas
1032 2732 1146 2770 Basin
1170 2732 1390 2771 lui-meme.
1412 2733 1506 2771 Voir
1528 2733 1583 2772 les
1610 2733 1744 2772 details

338 2797 390 2834 οὺ
409 2795 435 2833 il
456 2803 564 2834 entre
583 2796 604 2832 a
622 2807 666 2832 ce
681 2793 780 2842 sujet
797 2793 891 2833 dans
910 2805 978 2831 son
996 2792 1198 2845 Apologie,
1221 2791 1248 2833 l.
1265 2794 1298 2842 1,
1316 2806 1351 2831 c.
1368 2806 1398 2830 11
1417 2800 1454 2830 et
1469 2806 1529 2830 ιιι.
