2054 3470
770 316 916 352 mmm
943 315 1171 363 Qum'ms.
1603 314 1681 350 415

266 402 398 451 unde
427 417 560 451 arma
590 411 947 468 compararent,
982 418 1082 450 non
1111 400 1370 461 haberent,
1405 417 1683 466 quanquam

266 478 472 545 plurima
496 480 592 528 illic
614 479 744 546 apud
766 487 1054 527 mercatores
1074 478 1262 526 venalia
1284 477 1591 526 haberentur.

332 561 447 606 Post
483 558 678 622 longam
720 557 863 621 igitur
901 566 949 604 et
990 557 1102 622 ipsis
1140 556 1353 604 hibernis
1390 566 1682 622 protractam

266 635 512 683 mensibus
533 634 850 694 obsidionem,
871 635 973 699 jam
999 634 1105 699 ipso
1126 634 1522 699 Burgundionum
1550 651 1682 682 exer-

266 713 389 775 citu,
419 729 537 777 quas
558 713 882 779 praediximus,
906 712 1252 761 calamitatibus
1274 713 1512 778 perfracto
1537 723 1585 761 et
1610 723 1681 761 at-

266 791 382 840 trito
403 828 415 849 ‚
454 791 580 839 circa
614 790 842 839 kalendas
875 791 1164 855 januarias¹,
1206 791 1269 840 ad
1306 791 1682 857 oppugnandam

268 867 596 926 obsidionem,
622 869 695 916 sui
718 868 866 933 ipsius
892 868 1193 933 imperatoris
1228 877 1326 915 tam
1362 868 1683 916 obstinatione

265 960 411 1008 quam
433 946 697 992 temeritate
710 945 810 1009 jam
832 944 1067 992 devictam
1089 954 1234 1009 atque
1255 944 1549 992 confractam
1562 981 1575 1006 ‚
1601 945 1683 993 ad-

264 1033 336 1072 est
374 1024 693 1088 Lotharingiae
732 1024 830 1072 dux
874 1040 986 1071 cum
1023 1023 1209 1087 magnis
1251 1033 1351 1071 tam
1393 1011 1683 1071 Suitensium

266 1116 412 1165 quam
440 1101 814 1149 Alemannorum
844 1102 1008 1167 copiis.
1047 1101 1142 1158 Qui
1171 1117 1271 1148 non
1299 1101 1476 1164 ignari,
1508 1118 1613 1166 quae
1637 1110 1685 1149 et

266 1188 446 1242 quanta
473 1178 713 1226 calamitas
741 1189 884 1242 atque
907 1177 1203 1225 imbecillitas
1225 1176 1549 1225 obsidentium
1569 1178 1683 1226 hos·

266 1255 387 1302 tium
410 1265 562 1303 castra
586 1255 865 1322 compleret,
893 1254 1118 1303 audacter
1142 1263 1190 1302 et
1211 1255 1346 1319 quasi
1370 1272 1453 1320 spe
1474 1243 1684 1303 ⁴victoriae

266 1348 366 1380 non
392 1333 589 1393 incerta,
616 1333 676 1381 ad
699 1332 1079 1399 oppugnandum
1108 1332 1464 1396 Burgundiones
1486 1334 1683 1399 propius

266 1419 583 1457 accesserunt.
611 1410 754 1468 Quod
783 1410 865 1457 ubi
891 1410 1122 1475 persensit
1149 1409 1250 1456 dux
1276 1409 1353 1456 ille
1379 1410 1682 1474 Burgundio-

268 1503 408 1549 num,
440 1487 623 1535 eductis
644 1498 774 1535 extra
801 1497 954 1536 castra
976 1487 1093 1548 suis,
1125 1504 1248 1551 quos
1269 1486 1447 1534 habere
1469 1497 1679 1553 poterat,

267 1564 411 1611 etiam
431 1564 493 1612 ad
515 1565 925 1629 congrediendum
947 1582 1061 1612 cum
1083 1564 1302 1611 hostibus
1326 1564 1543 1612 festinato
1565 1581 1682 1612 con·
1732 1615 1735 1618 ,

268 1640 438 1688 tendit.
468 1644 621 1706 Atque
651 1641 735 1689 ubi
762 1643 886 1690 acies
915 1642 1128 1703 hostiles,
1157 1658 1328 1688 manus
1357 1659 1606 1690 conserere
1637 1652 1683 1690 et

267 1733 379 1764 cum
397 1718 590 1775 lanceis,
615 1720 768 1766 contis
787 1729 930 1783 atque
953 1719 1133 1784 balistis
1152 1719 1407 1766 adversum
1431 1736 1481 1768 se
1503 1720 1683 1768 irruere

266 1805 594 1859 properantes,
620 1796 807 1843 eminus
828 1805 1193 1861 prospexerunt,
1221 1796 1321 1860 Jam
1346 1807 1589 1861 perantea,
1614 1797 1685 1844 uti

267 1869 491 1934 diximus,
510 1872 624 1920 victi
639 1883 687 1920 et
705 1873 856 1935 fracti,
877 1873 945 1921 nil
962 1873 1093 1921 aliud
1109 1890 1254 1938 quam
1270 1874 1331 1921 de
1348 1874 1458 1938 fuga
1477 1876 1684 1940 cogitare

267 1959 533 2014 coeperunt.

334 2029 475 2074 Facta
494 2028 655 2092 itaque
678 2027 813 2076 facile
836 2028 944 2089 fuit,
971 2038 1019 2075 et
1048 2028 1228 2093 absque
1251 2029 1352 2077 ullo
1375 2046 1509 2094 paene
1530 2040 1684 2079 certa-

268 2103 398 2150 mine
421 2103 496 2150 vel
523 2105 738 2168 negotio,
764 2105 1046 2153 miserabilis
1068 2107 1219 2154 caedes
1241 2107 1537 2170 fugientium.
1566 2110 1683 2166 Quae

268 2189 456 2242 tamen,
492 2183 661 2246 procul
700 2182 876 2244 dubio,
917 2183 1123 2247 amplior
1158 2194 1302 2248 atque
1337 2185 1546 2232 atrocior
1580 2183 1683 2231 fieri

267 2258 515 2321 potuisset,
539 2260 577 2306 si
594 2276 694 2306 non
713 2259 873 2307 hostes
896 2259 995 2325 [ad]
1013 2262 1368 2310 miserationem
1391 2279 1449 2309 ex
1469 2263 1682 2310 hostium

267 2334 587 2382 imbecillitate
609 2337 832 2400 permoti,
858 2337 920 2384 ad
942 2338 1253 2402 captivandos
1273 2339 1432 2406 potius
1452 2356 1598 2404 quam
1620 2340 1681 2386 ad

268 2414 572 2478 perimendos
592 2413 830 2479 supplices
854 2432 903 2462 se
926 2415 1184 2465 dedissent.

334 2494 503 2538 Fuerat
530 2493 579 2539 in
607 2493 768 2539 castris
793 2492 929 2540 ducis
961 2495 1359 2559 Burgundionum
1386 2507 1432 2544 et
1459 2499 1570 2544 satis
1598 2497 1679 2544 diu

269 2567 360 2616 sibi
391 2569 614 2616 militarat
645 2586 806 2617 comes
840 2570 900 2618 de
932 2573 1316 2638 Campo-Basso,
1354 2574 1534 2634 Italus²,
1569 2591 1678 2622 cum

324 2695 360 2734 1.
393 2697 451 2732 De
468 2694 545 2732 l’an
565 2697 683 2735 1477.

323 2754 363 2790 2.
393 2753 543 2791 Nicolas
563 2753 611 2792 de
627 2756 832 2802 Montfort‚
859 2765 985 2795 comte
1006 2757 1056 2796 de
1077 2761 1382 2810 Campo-Basso,
1404 2760 1495 2798 etait
1520 2760 1679 2813 Napoli-

271 2813 363 2860 tain,
385 2820 423 2851 et
437 2813 586 2865 refugie
605 2813 659 2852 du
677 2815 776 2865 parti
793 2815 841 2853 de
860 2816 898 2853 la
918 2816 1064 2855 maison
1082 2818 1263 2867 d'Anjou.
