2054 3470
476 315 552 351 282
728 362 743 370 ἢ
834 315 1176 352 HISTORIARUM
1203 314 1439 352 LUDOVICI
1467 315 1523 351 XI

474 400 779 466 pedimento‚
803 401 1073 466 apostolicae
1098 400 1222 448 sedis
1252 400 1657 465 dispensationem
1685 413 1884 451 conatus

474 489 544 526 est
581 478 814 526 obtinere.
857 479 995 543 Atqui
1028 495 1141 525 cum
1177 494 1282 525 eam
1323 477 1455 525 nullo
1494 487 1635 542 pacto
1669 479 1884 528 obtinere

474 565 659 620 posset,
700 555 957 618 quemdam
1002 555 1304 602 Ambrosium
1339 555 1400 602 de
1435 557 1717 615 Cameraco,
1757 558 1884 604 Pari-

474 634 570 680 sien
576 649 675 680 sem
680 650 697 696 J
705 633 799 680 uris
809 633 1027 679 canonici
1038 633 1182 679 docto
1188 649 1304 692 rem,
1317 633 1514 691 invenit,
1526 632 1774 679 hominem
1787 635 1883 681 acri

474 710 609 768 satis,
632 709 715 756 sed
739 709 948 774 pessimo
971 725 1026 756 ac
1048 718 1264 756 tortuoso
1287 710 1503 773 ingenio,
1532 710 1638 773 qui,
1664 725 1835 774 magna
1857 727 1883 758 a

474 803 524 834 se
558 796 774 850 suscepta
809 786 1037 851 pecunia,
1075 803 1125 832 se
1155 786 1371 833 eamdem
1410 786 1721 833 obtenturum
1752 804 1808 835 ac
1840 788 1883 834 ei

473 872 825 928 reportaturum
849 863 1082 927 promisit.
1111 865 1290 909 Verum
1314 880 1424 909 cum
1450 879 1555 910 eam
1581 880 1883 928 nequaquam

474 941 651 988 valeret
694 941 939 998 obtinere,
977 955 1085 986 cum
1129 939 1302 1004 copula
1342 941 1701 988 matrimonialis
1739 943 1789 988 in
1818 932 1883 989 'eo

474 1018 622 1082 gradu
663 1019 722 1065 sit
756 1034 952 1082 prorsus
987 1016 1149 1063 divina
1181 1016 1284 1079 lege
1314 1017 1554 1081 prohibita
1575 1055 1588 1077 ,
1626 1018 1687 1065 ad
1718 1019 1882 1065 nefan-

473 1096 558 1144 das
593 1096 803 1143 falsitatis
839 1104 961 1141 artes
1005 1110 1054 1140 se
1088 1094 1336 1140 convertit.
1373 1094 1588 1141 Confecit
1625 1096 1754 1148 enim
1794 1095 1884 1143 sub

473 1174 670 1221 nomine
692 1172 930 1238 pontificis
949 1172 1163 1229 maximi,
1186 1171 1286 1218 sedi
1309 1181 1424 1219 tunc
1442 1172 1711 1237 apostolicae
1727 1175 1883 1237 praesi-

473 1250 650 1310 dentis,
674 1246 856 1297 litteras·
875 1249 998 1296 falsae
1028 1248 1419 1313 dispensationis,
1447 1249 1623 1313 quibus
1648 1259 1695 1296 et
1723 1250 1884 1298 falsam

474 1327 671 1385 bullam,
699 1344 818 1374 verae
837 1343 983 1391 quam
1008 1326 1160 1391 potuit
1183 1326 1483 1385 similiorem,
1510 1326 1759 1391 apposuit,
1789 1343 1886 1374 eas-

473 1422 589 1469 que,
627 1415 856 1469 tanquam
891 1420 1011 1451 verae
1040 1402 1406 1467 dispensationis
1426 1404 1591 1451 litterae
1617 1413 1797 1465 essent,
1824 1404 1885 1451 ad

467 1479 695 1530 'eumdem
714 1483 938 1529 comitem
957 1480 1224 1527 destinavit.

537 1559 721 1618 Quibus
755 1559 815 1606 ab
846 1575 905 1605 eo
929 1575 1018 1623 pro
1048 1558 1226 1621 ingenti
1253 1574 1447 1605 munere
1478 1568 1619 1623 atque
1645 1558 1884 1606 beneficio

472 1634 691 1702 receptis,
718 1638 817 1702 ipse
833 1637 928 1701 jam
950 1636 1080 1682 velut
1101 1651 1294 1683 securus
1309 1646 1593 1701 utcumque,
1622 1637 1755 1702 quod
1777 1654 1887 1703 per·-

471 1726 581 1762 ante
615 1714 910 1772 occuluerat,
938 1713 1037 1777 jam
1067 1715 1223 1778 palam
1257 1714 1463 1761 ostendit
1491 1724 1635 1778 atque
1665 1715 1884 1762 manifes-

471 1793 602 1849 tavit,
628 1808 839 1839 sororem
863 1790 1080 1838 eamdem
1104 1807 1194 1856 pro
1218 1791 1441 1854 conjuge,
1468 1801 1513 1838 et
1535 1802 1800 1857 susceptam
1824 1791 1885 1839 de

471 1886 527 1916 ea
549 1870 732 1935 prolem
762 1885 850 1933 pro
873 1868 1080 1932 legitima
1105 1878 1273 1915 tenens
1303 1878 1350 1914 et
1379 1878 1621 1933 reputans,
1647 1869 1740 1916 Sed
1773 1885 1884 1915 cum

471 1964 525 1994 ea
561 1964 634 1994 res
663 1947 724 1994 ad
760 1946 935 1993 summi
969 1944 1209 2010 pontificis
1241 1961 1378 1992 aures
1411 1946 1724 2010 pervenisset,
1749 1947 1826 1993 cui
1857 1963 1884 1993 a

470 2025 683 2090 plurimis
711 2033 957 2089 propterea
992 2023 1196 2086 graviter
1226 2022 1613 2080 succensebatur,
1649 2023 1783 2088 quod
1816 2033 1883 2070 ta-

471 2101 563 2148 lem
581 2102 769 2166 penitus
787 2100 995 2147 illicitam
1016 2117 1070 2146 ac
1089 2098 1175 2145 sibi
1197 2099 1392 2146 minime
1410 2100 1685 2164 possibilem
1702 2100 1885 2148 fecisset

471 2178 900 2242 dispensationem,
938 2177 1142 2240 desuper
1175 2177 1416 2239 inquisitio
1452 2176 1612 2224 hahita
1644 2187 1741 2236 est3
1780 2193 1885 2241 quae

471 2271 579 2302 cum
607 2264 768 2300 exacta
788 2254 929 2312 foret,
961 2253 1408 2318 praesumptionibus
1431 2263 1573 2318 atque
1596 2254 1782 2300 indiciis
1804 2271 1883 2301 ve·

470 2332 771 2379 henientibus
800 2331 861 2379 ad
883 2331 1129 2397 praefatum
1165 2330 1468 2378 Ambrosium
1490 2340 1770 2395 perventum
1795 2341 1879 2378 est.

470 2411 592 2456 Cum
631 2419 788 2456 autem
824 2409 1030 2473 desuper
1071 2409 1120 2455 in
1163 2423 1354 2455 causam
1396 2418 1574 2455 tractus
1615 2408 1882 2473 apprehen-

470 2503 644 2551 susque
676 2486 861 2544 fuisset,
903 2486 1180 2549 videretque
1222 2495 1390 2531 contra
1423 2502 1473 2532 se
1510 2494 1664 2532 tantas
1708 2485 1881 2533 adduci

470 2563 888 2629 praesumptiones,
925 2578 1029 2625 quae
1072 2561 1223 2609 scelus
1261 2561 1405 2626 ipsius
1443 2578 1593 2626 prope
1634 2563 1878 2609 notorium

471 2640 735 2698 efficerent,
771 2639 962 2686 tandem
991 2639 1135 2685 totius
1164 2638 1263 2685 doli
1286 2648 1428 2702 atque
1464 2639 1726 2687 commissae
1756 2640 1879 2687 falsi-

470 2719 578 2765 tatis
605 2726 932 2764 commentum
963 2717 1172 2780 agnovit.
1210 2719 1320 2773 Quo
1358 2718 1543 2780 agnito,
1577 2718 1719 2765 etiam
1750 2735 1881 2765 sum-

474 2813 578 2842 mus
599 2794 807 2860 pontifex
826 2793 872 2841 id
897 2794 992 2856 regi
1015 2796 1303 2856 Francorum
1326 2794 1498 2841 Carolo
1515 2795 1732 2842 intimare
1747 2811 1879 2842 cura·

1259 2923 1323 2987 πθ
