2054 3470
634 343 783 381 mm
809 341 1079 386 SECUNDUS.
1491 344 1567 393 ¹47

155 437 328 486 ducem
347 449 546 494 novum,
567 447 680 478 cum
695 429 773 478 ille
791 429 892 478 dies
908 428 1094 478 adesset
1105 445 1203 494 quo
1222 445 1272 477 se
1285 431 1568 495 promiserat

156 514 491 562 adventurum.
516 511 763 558 Venerunt
782 516 943 556 autem
961 506 1102 555 simul
1132 507 1183 554 in
1218 505 1381 555 debito
1403 524 1458 556 ac
1483 509 1571 557 de-

157 590 284 640 centi
303 588 472 638 ordine
494 603 642 651 usque
660 585 723 633 ad
743 584 990 651 praefatum
1003 585 1366 648 monasterium,
1388 585 1571 652 absque

158 669 256 717 ullo
280 683 475 734 prorsus
508 663 718 712 tumultu
741 663 818 712 vel
840 664 1056 729 strepitu,
1082 662 1265 729 populo
1287 664 1451 729 quieto
1476 681 1574 714 ma-

157 755 299 796 nente
321 745 371 792 in
394 743 599 791 civitate.
626 741 699 791 Ad
720 757 866 806 quam
885 742 1030 790 etiam
1044 778 1057 803 ,
1093 757 1205 788 cum
1227 758 1316 788 suo
1341 742 1465 790 duce
1491 759 1572 790 ex-

156 823 432 892 spectabant
464 832 608 888 atque
644 820 906 888 sperabant
931 819 1189 882 advenire,
1221 836 1431 885 eumque
1475 837 1577 870 non

157 903 313 951 minus
347 916 495 966 quam
524 917 666 948 suum
688 898 963 966 proprium,
992 897 1156 946 festive
1185 906 1231 946 et
1257 897 1473 946 hilariter
1502 916 1579 947 ex-

155 981 313 1046 cipere
328 978 502 1027 ducem
526 978 794 1026 Britanniae.
821 976 917 1024 Sed
945 975 1043 1024 heu
1070 975 1218 1042 (proh
1240 975 1431 1040 dolor)!
1465 986 1580 1025 tunc

156 1057 296 1107 dolus
315 1094 328 1118 ,
371 1057 455 1122 qui
497 1055 582 1104 diu
626 1055 829 1104 latuerat
849 1092 862 1116 ,
906 1055 955 1101 in
996 1064 1211 1120 apertam
1258 1054 1580 1103 manifestam-

155 1152 250 1200 que
283 1134 440 1183 lucem
476 1134 634 1200 erupit
651 1170 664 1194 ‚
700 1143 747 1181 et
769 1132 954 1181 cunctis
985 1132 1175 1199 patulus
1209 1142 1255 1180 et
1292 1134 1582 1199 conspicuus

155 1211 260 1261 fuit.
276 1215 396 1261 Nam
410 1211 506 1260 dux
527 1212 628 1277 ipse
642 1210 912 1272 Britanniae,
929 1226 958 1258 a
971 1210 1131 1276 pravis
1145 1209 1426 1259 hominibus
1441 1210 1584 1259 Belial

156 1289 434 1339 satellitibus
472 1305 723 1355 persuasus
739 1325 752 1350 ‚
791 1288 993 1336 minime
1026 1287 1202 1336 ducem
1234 1305 1418 1336 novum
1451 1305 1584 1337 asso-

157 1367 282 1416 ciare
307 1366 485 1427 voluit,
516 1365 601 1414 sed
619 1364 680 1414 ab
700 1382 759 1413 eo
782 1382 832 1414 se
855 1365 1046 1431 penitus
1068 1365 1274 1430 sejunxit
1297 1376 1342 1414 et
1362 1365 1582 1414 abscidit.

223 1443 317 1492 Sed
341 1460 443 1491 non
466 1460 525 1491 eo
547 1443 706 1492 minus
726 1442 866 1491 valde
889 1442 1168 1492 solemniter
1197 1443 1287 1492 fuit
1307 1462 1465 1493 novus
1488 1445 1587 1493 dux

158 1522 207 1569 in
228 1537 365 1569 suam
390 1520 577 1584 urbem,
603 1538 715 1569 cum
742 1522 842 1586 jam
862 1538 962 1569 nox
983 1530 1106 1569 esset
1128 1520 1353 1584 obscura,
1384 1540 1495 1571 cum
1520 1525 1587 1581 fa-

158 1598 294 1647 cibus
315 1609 362 1647 et
385 1598 516 1647 taedis
538 1599 773 1664 plurimiS,
798 1598 1022 1647 tenebras
1040 1599 1196 1653 noctis
1218 1599 1521 1666 abigentibus
1539 1611 1587 1650 et

158 1676 487 1738 vincentibus,
512 1677 818 1726 introductus
835 1714 848 1737 ‚
874 1694 987 1724 cum
1009 1694 1186 1742 magno
1209 1679 1356 1727 totius
1385 1679 1517 1728 urbis
1539 1691 1587 1730 et

158 1754 328 1821 populi
349 1755 620 1822 applausu¹.
660 1759 883 1815 Quorum
905 1766 1067 1805 tamen
1088 1756 1382 1806 alacritatem
1401 1768 1450 1808 et
1473 1760 1586 1811 laeti-

156 1836 272 1884 tiam
296 1853 395 1884 non
426 1853 597 1902 pamm
625 1836 917 1885 amaricabat
938 1836 1337 1904 deturbabatque‚
1360 1840 1495 1905 quod
1515 1843 1584 1890 sic

157 1913 281 1961 inter
318 1913 586 1978 principes,
618 1912 869 1979 paululum
900 1923 1040 1962 antea
1078 1924 1212 1963 tanta
1244 1915 1581 1967 benevolentia

153 1991 362 2056 junctos,
387 1992 478 2040 tale
496 2007 554 2039 ac
575 2001 762 2040 tantum
787 1991 1016 2040 obortum
1035 2009 1137 2040 esse
1161 1993 1424 2044 audieba'nt
1444 1995 1580 2046 dissi-

157 2068 310 2116 dium.
343 2072 413 2118 Ea
434 2069 672 2134 siquidem
696 2079 836 2117 nocte
867 2085 965 2135 qua
996 2070 1238 2134 ingressus
1261 2083 1334 2121 est
1352 2073 1581 2125 dominus

157 2147 382 2207 Carolus,
421 2147 727 2195 Normanniae
759 2147 880 2209 dux,
926 2147 1204 2212 praedictam
1237 2167 1375 2200 suam
1408 2153 1579 2203 urbem

158 2222 528 2289 Rothomagum,
548 2223 828 2289 retrogrado
855 2225 1055 2289 vestigio
1070 2225 1170 2273 dux
1187 2228 1439 2278 Britonum
1465 2248 1577 2280 cum

158 2301 254 2349 suis
293 2301 356 2349 ad
394 2301 781 2350 Pontem-Archae
813 2303 1077 2366 repedavit.
1111 2305 1207 2363 Qui
1243 2315 1291 2353 et
1324 2324 1578 2372 persuasus

160 2376 455 2441 perfidorum
472 2380 727 2427 satellitum
748 2395 950 2427 suorum
972 2382 1353 2445 suggestionibus
1372 2386 1502 2451 (qui,
1527 2405 1578 2436 se

160 2453 335 2503 iterum
353 2457 417 2505 ad
436 2474 598 2521 regem
624 2457 951 2518 revolventes,
986 2459 1176 2523 potiora
1201 2460 1337 2511 lucra
1363 2474 1410 2512 et
1434 2481 1579 2514 com,-

161 2532 337 2595 pendia
354 2534 416 2582 de
434 2552 494 2583 eo
519 2535 585 2583 ob
604 2535 884 2601 hujusmodi
910 2552 1045 2584 suam
1067 2537 1302 2603 insignem
1326 2541 1579 2606 perfidiam

218 2729 258 2766 1.
292 2728 397 2766 Cette
417 2728 634 2768 ceremonie
659 2738 724 2768 eut
747 2729 828 2768 lieu
850 2729 888 2768 le
912 2730 962 2767 10
989 2727 1195 2770 decembre
1214 2733 1343 2782 1465,
1373 2715 1526 2785 d’apres
1549 2734 1585 2773 le

164 2785 327 2838 registre
351 2786 578 2838 capitulaire
607 2787 656 2826 de
684 2788 831 2840 l’eglise
856 2787 905 2827 de
928 2792 1080 2829 Rouen.
1099 2790 1193 2830 Voir
1207 2790 1374 2830 l'extrait
1403 2793 1586 2844 rapport&

170 2844 295 2898 parmi
313 2845 369 2884 les
388 2845 516 2898 pieces
535 2846 589 2885 du
601 2847 797 2887 troisieme
815 2849 986 2888 volume.
