2054 3470
689 319 833 356 LIBER
860 318 1128 358 SECUNDUS.
1541 323 1558 358 1
1568 322 1619 359 65

659 513 869 559 CAPITU
876 514 998 560 LUM
1036 515 1159 559 XVI.

208 653 261 688 De
280 651 502 700 expeditione
516 652 616 688 ducis
637 652 936 700 Burgundionum
958 661 1083 688 contra
1110 652 1325 696 Dinantum,
1316 667 1324 675 ·
1352 661 1386 688 et
1404 651 1450 688 de
1471 653 1617 689 simula-

253 706 348 741 tione
360 706 451 753 regis
467 707 697 752 Francorum,
714 708 878 755 fingentis
898 721 934 743 se
952 709 1040 744 velle
1057 707 1168 743 dare'
1158 721 1198 742 ιιι
1214 707 1479 742 matrimonium
1497 709 1620 744 comiti

255 758 300 795 de
321 759 488 795 eharolois
509 761 618 805 filiam
636 775 753 797 suam·
744 763 844 809 ‚qui‚
863 762 910 796 ob
926 774 1003 796 eam
1024 761 1231 796 affinitatem
1250 759 1503 807 copulandam,
1523 761 1621 808 lega-

252 813 382 849 tionem
400 813 594 850 solemnem
609 815 654 850 ad
672 829 791 864 regem
810 814 1035 851 destinavit.
1011 815 1021 834 ¹

264 935 390 980 Cum
409 950 523 981 vero
540 933 640 981 haec
660 934 723 983 ita
746 953 832 1003 per
847 951 1008 998 regem
1025 933 1251 981 adversus
1269 933 1462 980 fratrem
1477 949 1618 980 suum

205 1019 252 1056 et
286 1011 491 1075 partium
525 1008 720 1059 suaium
752 1011 991 1059 studiosos
1029 1011 1396 1072 factitarentur’,
1428 1010 1619 1058 illustris

203 1102 366 1135 comes
383 1086 444 1136 de
468 1088 736 1151 Charolois‘,
765 1091 872 1154 qui,
894 1090 965 1136 uti
994 1088 1228 1151 diximus,
1257 1088 1484 1136 adversus
1502 1091 1619 1135 Leo-

204 1164 406 1227 dienseS,
435 1176 487 1213 ut
507 1183 675 1214 eorum
697 1178 856 1215 motus
875 1168 1239 1232 comprimeret,
1264 1182 1400 1214 suam
1421 1166 1622 1213 duxerat

204 1242 574 1307 expeditionem,
592 1262 618 1292 a
633 1244 1068 1292 Sancti-Trudonis⁸
1084 1243 1286 1310 oppido,
1306 1244 1438 1309 quod
1462 1243 1619 1291 eidem

205 1328 319 1366 tunc
336 1321 628 1386 proprioque
643 1322 840 1387 parebat
858 1323 1084 1387 episcopo
1096 1324 1127 1382 ⁴,
1149 1322 1308 1369 exiens
1329 1338 1492 1368 versus
1508 1322 1621 1368 Leo-

205 1396 357 1459 dium,
381 1399 562 1462 trajecit
582 1400 630 1446 in
649 1416 845 1465 campos
867 1416 1019 1465 prope
1040 1399 1186 1447 finem
1203 1399 1379 1446 mensis
1393 1399 1616 1463 januarii.

206 1476 260 1520 ln
294 1479 417 1539 quos
450 1476 592 1524 etiam
621 1493 731 1524 cum
760 1494 786 1524 e
816 1478 1006 1524 civitate
1028 1477 1208 1524 Leodio
1234 1477 1491 1524 multitudo
1523 1493 1622 1542 po-

205 1554 307 1619 puli
344 1546 465 1602 male
505 1566 684 1604 armata
722 1567 768 1604 et
802 1559 902 1604 sine
938 1556 1108 1604 ordine
1145 1557 1417 1617 exsiliisset,
1457 1557 1622 1621 paucis

207 1647 263 1678 ex
294 1632 362 1679 eis
389 1633 517 1680 caesis
534 1670 546 1694 ‚
573 1634 781 1680 exterriti
805 1634 960 1681 caeteri
990 1650 1156 1699 pacem
1186 1644 1234 1681 et
1258 1634 1448 1681 veniam
1471 1633 1620 1698 petie-

205 1721 334 1759 runt.
361 1714 518 1770 Quam
547 1714 743 1777 quidem
768 1715 868 1778 ipse
890 1713 1081 1761 illustris
1109 1731 1272 1762 comes
1295 1731 1352 1761 ex
1382 1729 1621 1760 consensu

205 1788 370 1853 patris,
395 1790 477 1854 qui
504 1807 648 1837 senex
671 1800 719 1837 et
742 1790 1020 1853 grandaevus
1038 1790 1192 1838 stabat
1214 1789 1455 1849 Brucellis,
1482 1791 1622 1837 certis

203 1864 386 1928 legibus
417 1865 604 1928 dedit⁵,
645 1868 842 1914 minime
874 1877 1031 1915 tamen
1068 1867 1440 1915 Dinantensibus
1478 1868 1528 1929 in
1566 1885 1621 1915 ea

205 1943 560 2008 comprehensis
576 1983 589 2005 ,
618 1946 700 2009 qui
721 1945 899 1992 caeteris
926 1945 1211 1993 Eburonum
1235 1945 1427 2011 populis
1452 1962 1620 2010 proca-

203 2019 354 2068 ciores
376 2031 421 2068 et
443 2022 711 2070 stolidiores
729 2033 879 2070 erant.

269 2100 328 2145 Et
356 2100 587 2163 quoniam
615 2100 705 2164 ipsi
733 2100 1015 2148 Leodienses
1046 2100 1245 2164 antiquo
1277 2099 1408 2164 pacis
1443 2099 1619 2147 foedere

205 2176 425 2239 nequiter
449 2193 478 2224 a
499 2193 549 2223 se
579 2177 775 2238 violato,
800 2195 966 2242 poenas
991 2179 1040 2225 in
1066 2194 1120 2226 eo
1149 2177 1520 2246 comprehensas
1543 2178 1620 2223 in-

206 2263 475 2312 currerant,
514 2254 784 2318 damnaque
816 2256 1106 2319 permaxima
1151 2257 1200 2302 in
1237 2255 1374 2302 terris
1406 2254 1620 2301 finitimis

207 2330 465 2379 Brabantiae
488 2343 534 2380 et
549 2334 802 2381 comitatus
823 2336 1156 2382 Namurcensis
1178 2335 1375 2399 aliisque
1398 2335 1621 2399 adjacen-

208 2405 354 2468 tibus,
377 2410 437 2457 ad
470 2410 644 2458 ducem
675 2412 959 2474 Burgundiae
991 2412 1334 2478 spectantibus,
1363 2411 1622 2458 intulerant

262 2563 300 2599 1.
332 2561 508 2613 Chapitre
527 2562 658 2614 publie
682 2564 777 2602 dans
805 2564 1082 2615 l'Amplissima
1103 2568 1284 2611 collectio,
1302 2573 1330 2603 t.
1348 2567 1416 2609 IV,
1431 2563 1507 2602 col.
1526 2566 1622 2603 747.

261 2622 300 2657 2.
328 2623 531 2659 Factitaret
548 2622 642 2662 dans
660 2624 696 2662 le
716 2637 787 2662 mS.

264 2681 301 2717 3.
333 2679 580 2720 saint-Trou.
637 2707 642 2712 -

264 2741 302 2777 4.
334 2740 586 2779 C’est-ssa-dire
605 2743 625 2779 ὸ
645 2742 822 2794 Ρὲνὲςιιε
845 2743 893 2782 de
915 2743 1045 2796 Lie'ge.

265 2798 302 2833 5.
333 2799 384 2835 13
400 2797 551 2845 janvier
570 2802 686 2842 1466.
