2054 3470
761 325 906 361 LIBER
939 322 1182 370 QUARTUS.
1600 322 1677 359 295

273 425 434 464 manet
454 415 571 480 quin
594 413 752 478 plures
782 427 840 459 ex
876 410 1291 474 Burgundionibus
1337 411 1386 456 in
1421 410 1503 457 illo
1528 410 1676 457 infor-

275 493 409 540 tunio
436 491 705 557 perierunt3
742 488 977 552 quamvis,
1002 503 1064 534 an
1094 503 1236 552 supra
1260 486 1337 534 vel
1372 486 1495 534 infra
1527 486 1678 533 mille-

272 570 457 618 narium
486 583 756 627 numerum,
782 575 980 631 propter
1019 565 1170 613 varias
1207 564 1539 613 dissidentium
1570 581 1680 629 par-

272 648 391 696 tium
414 646 680 712 opinioneS,
707 645 767 692 sit
792 645 1048 691 incertum.

337 724 471 773 Aliud
514 733 674 772 autem
717 722 1032 770 infortunium
1053 757 1066 779 ,
1112 721 1368 786 penuriam
1413 719 1590 768 scilicet
1633 728 1681 766 et

270 801 502 850 caristiam
538 815 759 863 magnam
790 814 993 845 annonae
1025 798 1118 845 illic
1149 797 1291 846 etiam
1323 795 1680 860 Burgundiones

271 879 394 944 passi
415 877 620 925 fuerunt.
663 879 781 923 Nam
818 892 928 922 cum
959 874 1262 939 providentia
1285 873 1680 939 Burgundionum

273 954 406 1002 ducis
438 954 600 1001 suisset
633 962 686 999 ut
722 954 771 999 in
801 952 1104 999 multitudine
1137 967 1307 1016 magna
1335 967 1564 999 curruum
1586 949 1682 997 illic

271 1030 331 1080 de
360 1031 496 1079 terris
517 1031 614 1077 suis
635 1046 830 1077 annona
850 1029 1105 1078 abundans
1127 1028 1460 1086 adveheretur,
1487 1027 1679 1086 Franci,

270 1108 355 1173 qui
384 1109 435 1155 in
456 1106 726 1155 civitatibus
749 1115 795 1153 et
827 1106 1016 1171 oppidis
1045 1107 1185 1171 regiis
1208 1106 1515 1153 circumcirca
1537 1103 1679 1151 locati

270 1195 422 1244 erant,
447 1184 639 1231 insidias
661 1183 936 1246 hujusmodi
957 1184 1175 1231 curribus
1197 1194 1244 1231 et
1262 1199 1506 1231 annonam
1529 1183 1679 1247 ipsam

269 1261 648 1310 conducentibus
678 1262 728 1308 in
751 1261 917 1309 itinere
945 1261 1265 1322 tetenderunt,
1301 1261 1350 1307 in
1375 1261 1599 1326 ipsosque
1623 1275 1680 1306 ex

270 1339 509 1403 insperato
534 1338 781 1397 irruenteS‚
806 1338 935 1384 caesis
958 1348 1100 1402 atque
1125 1338 1371 1402 captivatis
1393 1336 1569 1396 multis,
1596 1337 1679 1400 qui

271 1413 344 1461 vel
373 1415 435 1461 ad
456 1430 562 1462 eam
583 1413 873 1472 vehendam,
894 1414 971 1461 vel
991 1430 1154 1461 secure
1183 1413 1517 1461 deducendam
1543 1413 1681 1460 mini-

270 1492 466 1539 sterium
499 1491 797 1556 praebebant,
823 1490 1031 1538 abducta
1065 1501 1208 1555 atque
1244 1491 1430 1556 direpta
1461 1490 1679 1554 hujusce-

271 1567 404 1615 modi
427 1583 643 1626 annona‚
686 1578 737 1614 ut
778 1568 827 1614 in
861 1568 1024 1614 castris
1062 1567 1459 1631 Burgundionum
1499 1567 1682 1631 aliquot

270 1643 437 1693 diebus
459 1644 562 1691 dira
583 1644 730 1691 fames
751 1653 798 1690 et
815 1643 998 1690 caristia
1014 1653 1183 1701 essent,
1208 1643 1483 1691 effecerunt.

759 1872 1100 1917 CAPITULUM
1134 1873 1192 1917 ΙΙ.

270 2007 461 2053 Quomodo
480 2005 776 2053 Burgundionum
794 2004 881 2050 dux,
896 2006 1046 2052 acceptis
1060 2006 1214 2052 epistolis
1230 2005 1331 2042 ducis
1349 2006 1536 2041 Britanniae
1551 2014 1584 2040 et
1600 2018 1685 2053 pro-

319 2061 468 2096 cessibus
484 2060 612 2095 habitis
632 2068 754 2094 contra
773 2059 947 2093 veneficos
971 2059 1007 2092 in
1024 2059 1238 2106 Burdegala,
1263 2060 1325 2106 qui
1347 2060 1473 2095 ducem
1491 2059 1686 2107 Aquitania:

318 2115 563 2156 intoxicarant,
583 2114 696 2147 soluta
714 2111 900 2146 obsidione
918 2112 1054 2147 Belvaei
1063 2139 1074 2156 ,
1095 2125 1198 2159 agros
1217 2113 1412 2148 caletenses
1429 2122 1464 2148 et
1482 2114 1570 2148 alios
1593 2113 1686 2147 vici-

318 2179 395 2214 nos¹
413 2179 522 2214 usque
549 2166 595 2201 ad
623 2165 756 2200 flumen
786 2166 909 2209 Isarae,
938 2165 1058 2200 omnia
1086 2165 1295 2213 populando
1327 2174 1362 2201 et
1391 2165 1601 2211 cremando,
1629 2166 1686 2200 lu-

319 2228 453 2256 stmvit.

337 2340 459 2385 Sane
480 2354 591 2384 cum
613 2338 662 2385 in
685 2338 846 2384 castris
867 2338 962 2384 suis
985 2347 1095 2385 ante
1118 2337 1294 2384 dictam
1315 2338 1557 2385 civitatem
1581 2335 1683 2384 Bel-

276 2414 638 2461 vacumadhuc
687 2414 1082 2477 Burgundionum
1121 2414 1218 2460 dux
1261 2423 1383 2461 esset
1405 2449 1419 2472 ‚
1463 2412 1687 2478 epistolas

275 2489 452 2553 recepit
480 2505 509 2536 a
540 2490 662 2537 duce
687 2491 962 2548 Britanniae,
1001 2507 1096 2537 una
1131 2507 1243 2537 cum
1270 2493 1512 2553 gestorum
1546 2490 1687 2554 copia

275 2581 521 2630 processus
553 2564 702 2614 habiti
735 2567 794 2614 in‘
813 2566 1090 2630 Burdegala‚
1125 2567 1404 2631 priusquam
1425 2567 1522 2613 dux
1544 2567 1687 2628 Aqui-

277 2642 412 2687 taniae
433 2641 560 2688 diem
581 2643 823 2690 clauderet
847 2653 1128 2704 extremum,
1161 2652 1330 2690 contra
1356 2642 1462 2690 illos
1492 2642 1689 2689 scelera-

278 2717 484 2764 tissimos
518 2727 565 2764 et
594 2719 834 2766 maleficos
870 2737 898 2767 a
931 2719 1070 2767 nohis
1106 2737 1248 2786 supra
1282 2720 1577 2778 nominatos,
1605 2717 1688 2780 qui

282 2794 436 2842 eidem
455 2794 564 2841 duci
585 2794 757 2843 lethale
792 2797 921 2843 virus
948 2796 1237 2844 sumendum
1259 2795 1568 2844 tradiderant.
1598 2796 1688 2839 Per
