<?xml version="1.0" encoding="UTF-8"?>
<!DOCTYPE html PUBLIC "-//W3C//DTD XHTML 1.0 Transitional//EN"
    "http://www.w3.org/TR/xhtml1/DTD/xhtml1-transitional.dtd">
<html xmlns="http://www.w3.org/1999/xhtml" xml:lang="en" lang="en">
 <head>
  <title>
</title>
<meta http-equiv="Content-Type" content="text/html;charset=utf-8" />
  <meta name='ocr-system' content='tesseract 3.04.00' />
  <meta name='ocr-capabilities' content='ocr_page ocr_carea ocr_par ocr_line ocrx_word'/>
</head>
<body>
  <div class='ocr_page' id='page_1' title='image "./histoiredesrgn02basiuoft_0350.png"; bbox 0 0 2054 3470; ppageno 0'>
   <div class='ocr_carea' id='block_1_1' title="bbox 457 323 1512 361">
    <p class='ocr_par' dir='ltr' id='par_1_1' title="bbox 457 323 1512 361">
     <span class='ocr_line' id='line_1_1' title="bbox 457 323 1512 361; baseline 0.003 -3"><span class='ocrx_word' id='word_1_1' title='bbox 457 323 535 360; x_wconf 77' lang='lat'>266</span> <span class='ocrx_word' id='word_1_2' title='bbox 820 323 1162 360; x_wconf 86' lang='lat' dir='ltr'>HISTORIARUM</span> <span class='ocrx_word' id='word_1_3' title='bbox 1190 324 1426 361; x_wconf 88' lang='lat' dir='ltr'>LUDOVICI</span> <span class='ocrx_word' id='word_1_4' title='bbox 1454 326 1512 361; x_wconf 89' lang='lat' dir='ltr'>XI</span> 
     </span>
    </p>
   </div>
   <div class='ocr_carea' id='block_1_2' title="bbox 457 413 1875 1252">
    <p class='ocr_par' dir='ltr' id='par_1_2' title="bbox 457 413 1875 1252">
     <span class='ocr_line' id='line_1_2' title="bbox 460 413 1871 480; baseline 0.004 -21"><span class='ocrx_word' id='word_1_5' title='bbox 460 413 747 460; x_wconf 80' lang='lat' dir='ltr'>Vonscloere¹</span> <span class='ocrx_word' id='word_1_6' title='bbox 771 423 816 461; x_wconf 89' lang='lat' dir='ltr'>et</span> <span class='ocrx_word' id='word_1_7' title='bbox 840 413 1065 461; x_wconf 88' lang='lat' dir='ltr'>dominus</span> <span class='ocrx_word' id='word_1_8' title='bbox 1096 417 1167 462; x_wconf 95' lang='lat' dir='ltr'><em>W</em></span> <span class='ocrx_word' id='word_1_9' title='bbox 1163 413 1327 460; x_wconf 76' lang='lat' dir='ltr'>enloch</span> <span class='ocrx_word' id='word_1_10' title='bbox 1339 415 1370 475; x_wconf 84' lang='lat'>²,</span> <span class='ocrx_word' id='word_1_11' title='bbox 1395 430 1508 461; x_wconf 92' lang='lat' dir='ltr'>cum</span> <span class='ocrx_word' id='word_1_12' title='bbox 1531 415 1750 480; x_wconf 87' lang='lat' dir='ltr'>pluribus</span> <span class='ocrx_word' id='word_1_13' title='bbox 1771 417 1871 465; x_wconf 85' lang='lat' dir='ltr'>aliis</span> 
     </span>
     <span class='ocr_line' id='line_1_3' title="bbox 457 490 1872 556; baseline 0.004 -18"><span class='ocrx_word' id='word_1_14' title='bbox 457 490 849 555; x_wconf 82' lang='lat' dir='ltr'>militibusatque</span> <span class='ocrx_word' id='word_1_15' title='bbox 874 490 1140 550; x_wconf 83' lang='lat' dir='ltr'>nobilibus3</span> <span class='ocrx_word' id='word_1_16' title='bbox 1168 490 1427 556; x_wconf 88' lang='lat' dir='ltr'>plurimum</span> <span class='ocrx_word' id='word_1_17' title='bbox 1451 492 1594 540; x_wconf 87' lang='lat' dir='ltr'>etiam</span> <span class='ocrx_word' id='word_1_18' title='bbox 1619 511 1644 538; x_wconf 88' lang='lat'>«</span> <span class='ocrx_word' id='word_1_19' title='bbox 1668 494 1771 541; x_wconf 86' lang='lat' dir='ltr'>sine</span> <span class='ocrx_word' id='word_1_20' title='bbox 1791 511 1872 543; x_wconf 91' lang='lat' dir='ltr'>no·</span> 
     </span>
     <span class='ocr_line' id='line_1_4' title="bbox 459 566 1868 635; baseline 0.004 -23"><span class='ocrx_word' id='word_1_21' title='bbox 459 567 588 613; x_wconf 88' lang='lat' dir='ltr'>mine</span> <span class='ocrx_word' id='word_1_22' title='bbox 623 566 792 630; x_wconf 86' lang='lat' dir='ltr'>vulgus</span> <span class='ocrx_word' id='word_1_23' title='bbox 818 586 840 612; x_wconf 91' lang='lat'>»</span> <span class='ocrx_word' id='word_1_24' title='bbox 868 568 1219 632; x_wconf 86' lang='lat' dir='ltr'>promiscuum,</span> <span class='ocrx_word' id='word_1_25' title='bbox 1250 569 1360 632; x_wconf 87' lang='lat' dir='ltr'>qui,</span> <span class='ocrx_word' id='word_1_26' title='bbox 1394 568 1470 615; x_wconf 88' lang='lat' dir='ltr'>vel</span> <span class='ocrx_word' id='word_1_27' title='bbox 1500 570 1691 616; x_wconf 88' lang='lat' dir='ltr'>Henrici</span> <span class='ocrx_word' id='word_1_28' title='bbox 1718 571 1868 635; x_wconf 84' lang='lat' dir='ltr'>regis,</span> 
     </span>
     <span class='ocr_line' id='line_1_5' title="bbox 457 644 1873 712; baseline 0.004 -22"><span class='ocrx_word' id='word_1_29' title='bbox 457 644 532 691; x_wconf 88' lang='lat' dir='ltr'>vel</span> <span class='ocrx_word' id='word_1_30' title='bbox 557 645 783 691; x_wconf 75' lang='lat' dir='ltr'>Warvich</span> <span class='ocrx_word' id='word_1_31' title='bbox 809 646 1018 710; x_wconf 84' lang='lat' dir='ltr'>partium</span> <span class='ocrx_word' id='word_1_32' title='bbox 1049 655 1305 693; x_wconf 85' lang='lat' dir='ltr'>sectatores</span> <span class='ocrx_word' id='word_1_33' title='bbox 1329 646 1531 693; x_wconf 86' lang='lat' dir='ltr'>fuerant.</span> <span class='ocrx_word' id='word_1_34' title='bbox 1555 649 1687 712; x_wconf 86' lang='lat' dir='ltr'>Capti</span> <span class='ocrx_word' id='word_1_35' title='bbox 1713 658 1873 697; x_wconf 87' lang='lat' dir='ltr'>autem</span> 
     </span>
     <span class='ocr_line' id='line_1_6' title="bbox 459 720 1869 786; baseline 0.004 -19"><span class='ocrx_word' id='word_1_36' title='bbox 459 720 655 768; x_wconf 85' lang='lat' dir='ltr'>fuerunt</span> <span class='ocrx_word' id='word_1_37' title='bbox 684 722 733 768; x_wconf 93' lang='lat' dir='ltr'>in</span> <span class='ocrx_word' id='word_1_38' title='bbox 767 738 826 768; x_wconf 90' lang='lat' dir='ltr'>eo</span> <span class='ocrx_word' id='word_1_39' title='bbox 855 721 982 768; x_wconf 87' lang='lat' dir='ltr'>bello</span> <span class='ocrx_word' id='word_1_40' title='bbox 1013 723 1369 782; x_wconf 77' lang='lat' dir='ltr'>Eadmundus³‚</span> <span class='ocrx_word' id='word_1_41' title='bbox 1403 723 1498 770; x_wconf 86' lang='lat' dir='ltr'>dux</span> <span class='ocrx_word' id='word_1_42' title='bbox 1533 726 1869 786; x_wconf 88' lang='lat' dir='ltr'>Summerseti,</span> 
     </span>
     <span class='ocr_line' id='line_1_7' title="bbox 460 797 1875 868; baseline 0.005 -24"><span class='ocrx_word' id='word_1_43' title='bbox 460 797 547 863; x_wconf 89' lang='lat' dir='ltr'>[et]</span> <span class='ocrx_word' id='word_1_44' title='bbox 576 800 710 846; x_wconf 84' lang='lat' dir='ltr'><strong>Prior</strong></span> <span class='ocrx_word' id='word_1_45' title='bbox 732 815 932 862; x_wconf 83' lang='lat' dir='ltr'>magnus</span> <span class='ocrx_word' id='word_1_46' title='bbox 956 799 1137 846; x_wconf 87' lang='lat' dir='ltr'>ordinis</span> <span class='ocrx_word' id='word_1_47' title='bbox 1163 801 1312 847; x_wconf 89' lang='lat' dir='ltr'>sancti</span> <span class='ocrx_word' id='word_1_48' title='bbox 1334 800 1606 863; x_wconf 76' lang='lat' dir='ltr'>Johannis⁴‚</span> <span class='ocrx_word' id='word_1_49' title='bbox 1637 819 1750 850; x_wconf 90' lang='lat' dir='ltr'>cum</span> <span class='ocrx_word' id='word_1_50' title='bbox 1771 803 1875 868; x_wconf 65' lang='lat' dir='ltr'>plu·</span> 
     </span>
     <span class='ocr_line' id='line_1_8' title="bbox 458 875 1872 943; baseline 0.005 -21"><span class='ocrx_word' id='word_1_51' title='bbox 458 875 590 923; x_wconf 87' lang='lat' dir='ltr'>ribus</span> <span class='ocrx_word' id='word_1_52' title='bbox 614 877 756 923; x_wconf 88' lang='lat' dir='ltr'>etiam</span> <span class='ocrx_word' id='word_1_53' title='bbox 780 876 1008 923; x_wconf 81' lang='lat' dir='ltr'>militibus</span> <span class='ocrx_word' id='word_1_54' title='bbox 1038 887 1180 941; x_wconf 87' lang='lat' dir='ltr'>atque</span> <span class='ocrx_word' id='word_1_55' title='bbox 1211 877 1473 938; x_wconf 81' lang='lat' dir='ltr'>nobilibus3</span> <span class='ocrx_word' id='word_1_56' title='bbox 1496 896 1643 943; x_wconf 86' lang='lat' dir='ltr'>quos,</span> <span class='ocrx_word' id='word_1_57' title='bbox 1668 882 1780 943; x_wconf 86' lang='lat' dir='ltr'>quia</span> <span class='ocrx_word' id='word_1_58' title='bbox 1798 882 1872 929; x_wconf 89' lang='lat' dir='ltr'>vel</span> 
     </span>
     <span class='ocr_line' id='line_1_9' title="bbox 458 953 1871 1020; baseline 0.006 -22"><span class='ocrx_word' id='word_1_59' title='bbox 458 962 676 999; x_wconf 82' lang='lat' dir='ltr'><strong>auctores</strong></span> <span class='ocrx_word' id='word_1_60' title='bbox 700 953 773 999; x_wconf 89' lang='lat' dir='ltr'>vel</span> <span class='ocrx_word' id='word_1_61' title='bbox 792 954 1062 1001; x_wconf 85' lang='lat' dir='ltr'>incentores</span> <span class='ocrx_word' id='word_1_62' title='bbox 1084 954 1374 1002; x_wconf 85' lang='lat' dir='ltr'>seditionum</span> <span class='ocrx_word' id='word_1_63' title='bbox 1397 966 1538 1020; x_wconf 85' lang='lat' dir='ltr'>atque</span> <span class='ocrx_word' id='word_1_64' title='bbox 1559 957 1871 1006; x_wconf 85' lang='lat' dir='ltr'>rebellionum</span> 
     </span>
     <span class='ocr_line' id='line_1_10' title="bbox 459 1031 1875 1099; baseline 0.006 -23"><span class='ocrx_word' id='word_1_65' title='bbox 459 1038 627 1076; x_wconf 85' lang='lat' dir='ltr'>contra</span> <span class='ocrx_word' id='word_1_66' title='bbox 650 1046 700 1076; x_wconf 88' lang='lat' dir='ltr'>se</span> <span class='ocrx_word' id='word_1_67' title='bbox 723 1031 1090 1089; x_wconf 79' lang='lat' dir='ltr'>suscitatarum⁵‚</span> <span class='ocrx_word' id='word_1_68' title='bbox 1125 1047 1208 1078; x_wconf 91' lang='lat' dir='ltr'>seu</span> <span class='ocrx_word' id='word_1_69' title='bbox 1241 1033 1528 1096; x_wconf 85' lang='lat' dir='ltr'>pertinacius</span> <span class='ocrx_word' id='word_1_70' title='bbox 1555 1045 1697 1099; x_wconf 85' lang='lat' dir='ltr'>atque</span> <span class='ocrx_word' id='word_1_71' title='bbox 1721 1037 1875 1083; x_wconf 86' lang='lat' dir='ltr'>acrius</span> 
     </span>
     <span class='ocr_line' id='line_1_11' title="bbox 459 1107 1869 1174; baseline 0.006 -21"><span class='ocrx_word' id='word_1_72' title='bbox 459 1123 623 1154; x_wconf 84' lang='lat' dir='ltr'>earum</span> <span class='ocrx_word' id='word_1_73' title='bbox 657 1107 930 1155; x_wconf 89' lang='lat' dir='ltr'>defensores</span> <span class='ocrx_word' id='word_1_74' title='bbox 962 1108 1182 1168; x_wconf 87' lang='lat' dir='ltr'>fuissent,</span> <span class='ocrx_word' id='word_1_75' title='bbox 1224 1108 1301 1155; x_wconf 92' lang='lat' dir='ltr'>die</span> <span class='ocrx_word' id='word_1_76' title='bbox 1328 1127 1394 1156; x_wconf 90' lang='lat' dir='ltr'>v1.</span> <span class='ocrx_word' id='word_1_77' title='bbox 1422 1110 1635 1174; x_wconf 85' lang='lat' dir='ltr'>ejusdem</span> <span class='ocrx_word' id='word_1_78' title='bbox 1666 1114 1869 1173; x_wconf 81' lang='lat' dir='ltr'>mensiS‚</span> 
     </span>
     <span class='ocr_line' id='line_1_12' title="bbox 459 1186 1426 1252; baseline 0.001 -19"><span class='ocrx_word' id='word_1_79' title='bbox 459 1187 560 1251; x_wconf 91' lang='lat' dir='ltr'>ipse</span> <span class='ocrx_word' id='word_1_80' title='bbox 582 1202 664 1233; x_wconf 84' lang='lat' dir='ltr'>rex</span> <span class='ocrx_word' id='word_1_81' title='bbox 685 1186 936 1234; x_wconf 84' lang='lat' dir='ltr'>Edoardus</span> <span class='ocrx_word' id='word_1_82' title='bbox 957 1188 1111 1252; x_wconf 90' lang='lat' dir='ltr'>capite</span> <span class='ocrx_word' id='word_1_83' title='bbox 1136 1186 1279 1252; x_wconf 89' lang='lat' dir='ltr'>plecti</span> <span class='ocrx_word' id='word_1_84' title='bbox 1301 1188 1426 1235; x_wconf 86' lang='lat' dir='ltr'>fecit.</span> 
     </span>
    </p>
   </div>
   <div class='ocr_carea' id='block_1_3' title="bbox 927 1402 1408 1448">
    <p class='ocr_par' dir='ltr' id='par_1_3' title="bbox 927 1402 1408 1448">
     <span class='ocr_line' id='line_1_13' title="bbox 927 1402 1408 1448; baseline 0 0"><span class='ocrx_word' id='word_1_85' title='bbox 927 1402 1268 1448; x_wconf 84' lang='lat' dir='ltr'><strong>CAPITULUM</strong></span> <span class='ocrx_word' id='word_1_86' title='bbox 1307 1403 1408 1448; x_wconf 85' lang='lat' dir='ltr'><strong>XII.</strong></span> 
     </span>
    </p>
   </div>
   <div class='ocr_carea' id='block_1_4' title="bbox 531 1539 1810 1643">
    <p class='ocr_par' dir='ltr' id='par_1_4' title="bbox 531 1539 1810 1643">
     <span class='ocr_line' id='line_1_14' title="bbox 531 1539 1810 1588; baseline 0.002 -14"><span class='ocrx_word' id='word_1_87' title='bbox 531 1539 740 1584; x_wconf 87' lang='lat' dir='ltr'><strong>Quomodo,</strong></span> <span class='ocrx_word' id='word_1_88' title='bbox 757 1549 838 1588; x_wconf 88' lang='lat' dir='ltr'>post</span> <span class='ocrx_word' id='word_1_89' title='bbox 850 1541 999 1583; x_wconf 83' lang='lat' dir='ltr'>bellum,</span> <span class='ocrx_word' id='word_1_90' title='bbox 1012 1541 1126 1575; x_wconf 83' lang='lat' dir='ltr'>varias</span> <span class='ocrx_word' id='word_1_91' title='bbox 1137 1541 1258 1575; x_wconf 85' lang='lat' dir='ltr'>turbas</span> <span class='ocrx_word' id='word_1_92' title='bbox 1271 1549 1306 1575; x_wconf 89' lang='lat' dir='ltr'>et</span> <span class='ocrx_word' id='word_1_93' title='bbox 1321 1539 1569 1576; x_wconf 83' lang='lat' dir='ltr'>seditiosorum</span> <span class='ocrx_word' id='word_1_94' title='bbox 1585 1542 1810 1578; x_wconf 81' lang='lat' dir='ltr'>collectiones</span> 
     </span>
     <span class='ocr_line' id='line_1_15' title="bbox 936 1595 1397 1643; baseline -0.002 -13"><span class='ocrx_word' id='word_1_95' title='bbox 936 1595 1126 1631; x_wconf 87' lang='lat' dir='ltr'>Edoardus</span> <span class='ocrx_word' id='word_1_96' title='bbox 1143 1596 1359 1643; x_wconf 90' lang='lat' dir='ltr'>compescuit</span> <span class='ocrx_word' id='word_1_97' title='bbox 1367 1596 1397 1629; x_wconf 59' lang='grc' dir='ltr'>Β.</span> 
     </span>
    </p>
   </div>
   <div class='ocr_carea' id='block_1_5' title="bbox 461 1715 1881 2090">
    <p class='ocr_par' dir='ltr' id='par_1_5' title="bbox 461 1715 1881 2090">
     <span class='ocr_line' id='line_1_16' title="bbox 525 1715 1879 1781; baseline 0.002 -20"><span class='ocrx_word' id='word_1_98' title='bbox 525 1715 756 1763; x_wconf 87' lang='lat' dir='ltr'>Confecto</span> <span class='ocrx_word' id='word_1_99' title='bbox 796 1726 956 1764; x_wconf 87' lang='lat' dir='ltr'>autem</span> <span class='ocrx_word' id='word_1_100' title='bbox 998 1715 1331 1779; x_wconf 89' lang='lat' dir='ltr'>hujuscemodi</span> <span class='ocrx_word' id='word_1_101' title='bbox 1372 1715 1533 1781; x_wconf 87' lang='lat' dir='ltr'>praelio</span> <span class='ocrx_word' id='word_1_102' title='bbox 1553 1752 1566 1776; x_wconf 87' lang='lat'>‚</span> <span class='ocrx_word' id='word_1_103' title='bbox 1611 1716 1674 1763; x_wconf 86' lang='lat' dir='ltr'>ad</span> <span class='ocrx_word' id='word_1_104' title='bbox 1717 1733 1879 1780; x_wconf 87' lang='lat' dir='ltr'>regem</span> 
     </span>
     <span class='ocr_line' id='line_1_17' title="bbox 461 1793 1878 1858; baseline 0.002 -20"><span class='ocrx_word' id='word_1_105' title='bbox 461 1808 588 1840; x_wconf 87' lang='lat' dir='ltr'>nova</span> <span class='ocrx_word' id='word_1_106' title='bbox 615 1793 771 1841; x_wconf 81' lang='lat' dir='ltr'>delata</span> <span class='ocrx_word' id='word_1_107' title='bbox 794 1804 933 1854; x_wconf 90' lang='lat' dir='ltr'>sunt,</span> <span class='ocrx_word' id='word_1_108' title='bbox 960 1794 1116 1858; x_wconf 86' lang='lat' dir='ltr'>quod,</span> <span class='ocrx_word' id='word_1_109' title='bbox 1162 1795 1288 1841; x_wconf 85' lang='lat' dir='ltr'>circa</span> <span class='ocrx_word' id='word_1_110' title='bbox 1325 1803 1483 1858; x_wconf 89' lang='lat' dir='ltr'>partes</span> <span class='ocrx_word' id='word_1_111' title='bbox 1521 1794 1655 1857; x_wconf 86' lang='lat' dir='ltr'>regni</span> <span class='ocrx_word' id='word_1_112' title='bbox 1691 1803 1878 1858; x_wconf 90' lang='lat' dir='ltr'>septen-</span> 
     </span>
     <span class='ocr_line' id='line_1_18' title="bbox 462 1870 1880 1936; baseline 0.003 -21"><span class='ocrx_word' id='word_1_113' title='bbox 462 1870 701 1931; x_wconf 83' lang='lat' dir='ltr'>trionales,</span> <span class='ocrx_word' id='word_1_114' title='bbox 725 1872 773 1917; x_wconf 92' lang='lat' dir='ltr'>in</span> <span class='ocrx_word' id='word_1_115' title='bbox 797 1882 843 1919; x_wconf 85' lang='lat' dir='ltr'>et</span> <span class='ocrx_word' id='word_1_116' title='bbox 863 1889 953 1936; x_wconf 87' lang='lat' dir='ltr'>pro</span> <span class='ocrx_word' id='word_1_117' title='bbox 971 1872 1163 1936; x_wconf 85' lang='lat' dir='ltr'>querela</span> <span class='ocrx_word' id='word_1_118' title='bbox 1181 1872 1372 1918; x_wconf 89' lang='lat' dir='ltr'>Henrici</span> <span class='ocrx_word' id='word_1_119' title='bbox 1390 1872 1512 1934; x_wconf 85' lang='lat' dir='ltr'>regis</span> <span class='ocrx_word' id='word_1_120' title='bbox 1532 1870 1711 1918; x_wconf 85' lang='lat' dir='ltr'>fiebant</span> <span class='ocrx_word' id='word_1_121' title='bbox 1730 1871 1880 1919; x_wconf 85' lang='lat' dir='ltr'>turbae</span> 
     </span>
     <span class='ocr_line' id='line_1_19' title="bbox 462 1948 1874 2013; baseline 0.001 -19"><span class='ocrx_word' id='word_1_122' title='bbox 462 1956 509 1994; x_wconf 88' lang='lat' dir='ltr'>et</span> <span class='ocrx_word' id='word_1_123' title='bbox 530 1949 879 1995; x_wconf 86' lang='lat' dir='ltr'>commotiones</span> <span class='ocrx_word' id='word_1_124' title='bbox 900 1965 1083 2012; x_wconf 86' lang='lat' dir='ltr'>magnae</span> <span class='ocrx_word' id='word_1_125' title='bbox 1100 1959 1269 1995; x_wconf 85' lang='lat' dir='ltr'>contra</span> <span class='ocrx_word' id='word_1_126' title='bbox 1286 1965 1335 1995; x_wconf 87' lang='lat' dir='ltr'>se</span> <span class='ocrx_word' id='word_1_127' title='bbox 1353 1949 1545 1996; x_wconf 87' lang='lat' dir='ltr'>illorum</span> <span class='ocrx_word' id='word_1_128' title='bbox 1567 1948 1874 2013; x_wconf 85' lang='lat' dir='ltr'>populorum.</span> 
     </span>
     <span class='ocr_line' id='line_1_20' title="bbox 464 2024 1881 2090; baseline 0.002 -20"><span class='ocrx_word' id='word_1_129' title='bbox 464 2024 534 2070; x_wconf 91' lang='lat' dir='ltr'>Ad</span> <span class='ocrx_word' id='word_1_130' title='bbox 558 2041 681 2088; x_wconf 89' lang='lat' dir='ltr'>quos</span> <span class='ocrx_word' id='word_1_131' title='bbox 706 2036 864 2073; x_wconf 89' lang='lat' dir='ltr'>motus</span> <span class='ocrx_word' id='word_1_132' title='bbox 885 2025 1263 2090; x_wconf 89' lang='lat' dir='ltr'>compescendos</span> <span class='ocrx_word' id='word_1_133' title='bbox 1279 2063 1291 2087; x_wconf 82' lang='lat'>,</span> <span class='ocrx_word' id='word_1_134' title='bbox 1315 2042 1376 2072; x_wconf 93' lang='lat' dir='ltr'>ne</span> <span class='ocrx_word' id='word_1_135' title='bbox 1401 2026 1450 2072; x_wconf 93' lang='lat' dir='ltr'>in</span> <span class='ocrx_word' id='word_1_136' title='bbox 1473 2025 1759 2073; x_wconf 89' lang='lat' dir='ltr'>deteriorem</span> <span class='ocrx_word' id='word_1_137' title='bbox 1781 2026 1881 2073; x_wconf 82' lang='lat' dir='ltr'>exi-</span> 
     </span>
    </p>
   </div>
   <div class='ocr_carea' id='block_1_6' title="bbox 441 2159 1882 2867">
    <p class='ocr_par' dir='ltr' id='par_1_6' title="bbox 518 2159 1550 2210">
     <span class='ocr_line' id='line_1_21' title="bbox 518 2159 1550 2210; baseline 0 -13"><span class='ocrx_word' id='word_1_138' title='bbox 518 2162 536 2197; x_wconf 89' lang='lat'><strong>1</strong></span> <span class='ocrx_word' id='word_1_139' title='bbox 548 2189 556 2197; x_wconf 89' lang='lat'><strong>.</strong></span> <span class='ocrx_word' id='word_1_140' title='bbox 588 2162 642 2198; x_wconf 92' lang='lat' dir='ltr'>Le</span> <span class='ocrx_word' id='word_1_141' title='bbox 659 2167 784 2197; x_wconf 89' lang='lat' dir='ltr'>comte</span> <span class='ocrx_word' id='word_1_142' title='bbox 803 2159 852 2197; x_wconf 89' lang='lat' dir='ltr'>de</span> <span class='ocrx_word' id='word_1_143' title='bbox 870 2159 1112 2198; x_wconf 87' lang='lat' dir='ltr'>Devonshire</span> <span class='ocrx_word' id='word_1_144' title='bbox 1122 2189 1134 2210; x_wconf 83' lang='lat'><em>,</em></span> <span class='ocrx_word' id='word_1_145' title='bbox 1154 2159 1318 2198; x_wconf 87' lang='lat' dir='ltr'>Thomas</span> <span class='ocrx_word' id='word_1_146' title='bbox 1340 2161 1550 2210; x_wconf 70' lang='lat' dir='ltr'>Courtney.</span> 
     </span>
    </p>

    <p class='ocr_par' dir='ltr' id='par_1_7' title="bbox 441 2219 1879 2392">
     <span class='ocr_line' id='line_1_22' title="bbox 517 2219 1879 2273; baseline -0.001 -14"><span class='ocrx_word' id='word_1_147' title='bbox 517 2223 556 2259; x_wconf 78' lang='lat'>2.</span> <span class='ocrx_word' id='word_1_148' title='bbox 587 2220 690 2259; x_wconf 85' lang='lat' dir='ltr'>Lord</span> <span class='ocrx_word' id='word_1_149' title='bbox 708 2221 892 2259; x_wconf 88' lang='lat' dir='ltr'>Wenlock</span> <span class='ocrx_word' id='word_1_150' title='bbox 904 2250 914 2268; x_wconf 92' lang='lat'>‚</span> <span class='ocrx_word' id='word_1_151' title='bbox 933 2234 1177 2273; x_wconf 85' lang='lat' dir='ltr'>gouverneur</span> <span class='ocrx_word' id='word_1_152' title='bbox 1197 2220 1244 2259; x_wconf 91' lang='lat' dir='ltr'>de</span> <span class='ocrx_word' id='word_1_153' title='bbox 1263 2221 1400 2260; x_wconf 88' lang='lat' dir='ltr'>Calais.</span> <span class='ocrx_word' id='word_1_154' title='bbox 1419 2223 1453 2258; x_wconf 94' lang='lat' dir='ltr'>Il</span> <span class='ocrx_word' id='word_1_155' title='bbox 1472 2220 1571 2272; x_wconf 76' lang='lat' dir='ltr'>perit</span> <span class='ocrx_word' id='word_1_156' title='bbox 1588 2219 1688 2258; x_wconf 89' lang='lat' dir='ltr'>dela</span> <span class='ocrx_word' id='word_1_157' title='bbox 1703 2219 1806 2258; x_wconf 88' lang='lat' dir='ltr'>main</span> <span class='ocrx_word' id='word_1_158' title='bbox 1826 2219 1879 2257; x_wconf 91' lang='lat' dir='ltr'>du</span> 
     </span>
     <span class='ocr_line' id='line_1_23' title="bbox 464 2279 1879 2332; baseline -0.001 -13"><span class='ocrx_word' id='word_1_159' title='bbox 464 2281 540 2319; x_wconf 89' lang='lat' dir='ltr'>duc</span> <span class='ocrx_word' id='word_1_160' title='bbox 562 2280 610 2319; x_wconf 90' lang='lat' dir='ltr'>de</span> <span class='ocrx_word' id='word_1_161' title='bbox 634 2283 846 2330; x_wconf 88' lang='lat' dir='ltr'>Somerset,</span> <span class='ocrx_word' id='word_1_162' title='bbox 871 2280 937 2331; x_wconf 90' lang='lat' dir='ltr'>qui</span> <span class='ocrx_word' id='word_1_163' title='bbox 959 2283 1150 2332; x_wconf 74' lang='lat' dir='ltr'>s&#39;apercut</span> <span class='ocrx_word' id='word_1_164' title='bbox 1173 2281 1268 2332; x_wconf 88' lang='lat' dir='ltr'>qu’il</span> <span class='ocrx_word' id='word_1_165' title='bbox 1288 2280 1461 2332; x_wconf 81' lang='lat' dir='ltr'>songeait</span> <span class='ocrx_word' id='word_1_166' title='bbox 1474 2286 1639 2332; x_wconf 56' lang='lat' dir='ltr'>&amp;passer</span> <span class='ocrx_word' id='word_1_167' title='bbox 1658 2281 1680 2317; x_wconf 75' lang='grc' dir='ltr'>ὲ</span> <span class='ocrx_word' id='word_1_168' title='bbox 1697 2279 1879 2318; x_wconf 87' lang='lat' dir='ltr'>l&#39;ennemi</span> 
     </span>
     <span class='ocr_line' id='line_1_24' title="bbox 441 2339 1168 2392; baseline -0.001 -13"><span class='ocrx_word' id='word_1_169' title='bbox 441 2391 444 2392; x_wconf 19' lang='lat'><em>⁷</em></span> <span class='ocrx_word' id='word_1_170' title='bbox 463 2354 514 2380; x_wconf 84' lang='lat' dir='ltr'>au</span> <span class='ocrx_word' id='word_1_171' title='bbox 533 2349 861 2382; x_wconf 83' lang='lat' dir='ltr'>commencement</span> <span class='ocrx_word' id='word_1_172' title='bbox 880 2340 927 2378; x_wconf 89' lang='lat' dir='ltr'>de</span> <span class='ocrx_word' id='word_1_173' title='bbox 944 2341 982 2378; x_wconf 91' lang='lat' dir='ltr'>la</span> <span class='ocrx_word' id='word_1_174' title='bbox 999 2339 1168 2378; x_wconf 88' lang='lat' dir='ltr'>bataille.</span> 
     </span>
    </p>

    <p class='ocr_par' dir='ltr' id='par_1_8' title="bbox 463 2397 1881 2507">
     <span class='ocr_line' id='line_1_25' title="bbox 519 2397 1881 2451; baseline -0.002 -13"><span class='ocrx_word' id='word_1_175' title='bbox 519 2402 555 2439; x_wconf 87' lang='lat'>3.</span> <span class='ocrx_word' id='word_1_176' title='bbox 587 2400 750 2438; x_wconf 87' lang='lat' dir='ltr'>Thomas</span> <span class='ocrx_word' id='word_1_177' title='bbox 777 2399 891 2437; x_wconf 85' lang='lat' dir='ltr'>Basin</span> <span class='ocrx_word' id='word_1_178' title='bbox 914 2412 938 2437; x_wconf 82' lang='lat' dir='ltr'><strong>a</strong></span> <span class='ocrx_word' id='word_1_179' title='bbox 961 2399 1111 2451; x_wconf 79' lang='lat' dir='ltr'>corrige</span> <span class='ocrx_word' id='word_1_180' title='bbox 1135 2399 1184 2437; x_wconf 91' lang='lat' dir='ltr'>ici</span> <span class='ocrx_word' id='word_1_181' title='bbox 1207 2399 1245 2437; x_wconf 88' lang='lat' dir='ltr'>la</span> <span class='ocrx_word' id='word_1_182' title='bbox 1267 2399 1430 2437; x_wconf 81' lang='lat' dir='ltr'>relation</span> <span class='ocrx_word' id='word_1_183' title='bbox 1453 2397 1521 2449; x_wconf 90' lang='lat' dir='ltr'>qui</span> <span class='ocrx_word' id='word_1_184' title='bbox 1546 2397 1673 2437; x_wconf 88' lang='lat' dir='ltr'>donne</span> <span class='ocrx_word' id='word_1_185' title='bbox 1697 2398 1719 2435; x_wconf 76' lang='grc' dir='ltr'>ὲ</span> <span class='ocrx_word' id='word_1_186' title='bbox 1745 2405 1822 2436; x_wconf 85' lang='lat' dir='ltr'>tort</span> <span class='ocrx_word' id='word_1_187' title='bbox 1845 2397 1881 2435; x_wconf 88' lang='lat' dir='ltr'>le</span> 
     </span>
     <span class='ocr_line' id='line_1_26' title="bbox 463 2449 1678 2507; baseline -0.002 -10"><span class='ocrx_word' id='word_1_188' title='bbox 463 2449 556 2497; x_wconf 73' lang='lat' dir='ltr'>nom</span> <span class='ocrx_word' id='word_1_189' title='bbox 574 2452 795 2496; x_wconf 78' lang='lat' dir='ltr'>d’Edouard</span> <span class='ocrx_word' id='word_1_190' title='bbox 815 2471 865 2496; x_wconf 91' lang='lat' dir='ltr'>au</span> <span class='ocrx_word' id='word_1_191' title='bbox 884 2457 1027 2497; x_wconf 53' lang='lat' dir='ltr'>duc“de</span> <span class='ocrx_word' id='word_1_192' title='bbox 1045 2461 1237 2498; x_wconf 86' lang='lat' dir='ltr'>Somerset</span> <span class='ocrx_word' id='word_1_193' title='bbox 1258 2458 1448 2507; x_wconf 78' lang='lat' dir='ltr'>(Edmond</span> <span class='ocrx_word' id='word_1_194' title='bbox 1467 2457 1678 2505; x_wconf 86' lang='lat' dir='ltr'>Beaufort).</span> 
     </span>
    </p>

    <p class='ocr_par' dir='ltr' id='par_1_9' title="bbox 463 2515 1882 2749">
     <span class='ocr_line' id='line_1_27' title="bbox 518 2515 1880 2570; baseline -0.002 -14"><span class='ocrx_word' id='word_1_195' title='bbox 518 2521 557 2556; x_wconf 80' lang='lat'>4.</span> <span class='ocrx_word' id='word_1_196' title='bbox 589 2517 650 2557; x_wconf 88' lang='lat' dir='ltr'>Sir</span> <span class='ocrx_word' id='word_1_197' title='bbox 676 2517 780 2555; x_wconf 89' lang='lat' dir='ltr'>John</span> <span class='ocrx_word' id='word_1_198' title='bbox 806 2518 1096 2570; x_wconf 84' lang='lat' dir='ltr'>Langstrother‚</span> <span class='ocrx_word' id='word_1_199' title='bbox 1129 2518 1249 2569; x_wconf 86' lang='lat' dir='ltr'>grand</span> <span class='ocrx_word' id='word_1_200' title='bbox 1272 2518 1405 2569; x_wconf 86' lang='lat' dir='ltr'>prieur</span> <span class='ocrx_word' id='word_1_201' title='bbox 1430 2517 1479 2556; x_wconf 89' lang='lat' dir='ltr'>de</span> <span class='ocrx_word' id='word_1_202' title='bbox 1504 2516 1648 2555; x_wconf 88' lang='lat' dir='ltr'>l&#39;ordre</span> <span class='ocrx_word' id='word_1_203' title='bbox 1675 2516 1724 2555; x_wconf 93' lang='lat' dir='ltr'>de</span> <span class='ocrx_word' id='word_1_204' title='bbox 1751 2515 1880 2555; x_wconf 86' lang='lat' dir='ltr'>Saint-</span> 
     </span>
     <span class='ocr_line' id='line_1_28' title="bbox 463 2574 1882 2629; baseline -0.002 -13"><span class='ocrx_word' id='word_1_205' title='bbox 463 2581 559 2617; x_wconf 88' lang='lat' dir='ltr'>Jean</span> <span class='ocrx_word' id='word_1_206' title='bbox 577 2577 625 2615; x_wconf 92' lang='lat' dir='ltr'>de</span> <span class='ocrx_word' id='word_1_207' title='bbox 643 2576 870 2615; x_wconf 78' lang='lat' dir='ltr'>Jerusalem.</span> <span class='ocrx_word' id='word_1_208' title='bbox 893 2580 978 2615; x_wconf 91' lang='lat' dir='ltr'>Une</span> <span class='ocrx_word' id='word_1_209' title='bbox 996 2577 1081 2616; x_wconf 89' lang='lat' dir='ltr'>liste</span> <span class='ocrx_word' id='word_1_210' title='bbox 1101 2577 1167 2615; x_wconf 82' lang='lat' dir='ltr'>des</span> <span class='ocrx_word' id='word_1_211' title='bbox 1186 2577 1422 2629; x_wconf 83' lang='lat' dir='ltr'>prisonniers</span> <span class='ocrx_word' id='word_1_212' title='bbox 1439 2576 1572 2628; x_wconf 66' lang='lat' dir='ltr'>placeo</span> <span class='ocrx_word' id='word_1_213' title='bbox 1591 2577 1705 2627; x_wconf 72' lang='lat' dir='ltr'>apres</span> <span class='ocrx_word' id='word_1_214' title='bbox 1726 2575 1765 2613; x_wconf 88' lang='lat' dir='ltr'>la</span> <span class='ocrx_word' id='word_1_215' title='bbox 1782 2574 1882 2613; x_wconf 81' lang='lat' dir='ltr'>rela-</span> 
     </span>
     <span class='ocr_line' id='line_1_29' title="bbox 465 2633 1882 2690; baseline -0.002 -15"><span class='ocrx_word' id='word_1_216' title='bbox 465 2638 569 2690; x_wconf 68' lang='lat' dir='ltr'>tion,</span> <span class='ocrx_word' id='word_1_217' title='bbox 586 2636 682 2675; x_wconf 86' lang='lat' dir='ltr'>dans</span> <span class='ocrx_word' id='word_1_218' title='bbox 697 2635 870 2674; x_wconf 79' lang='lat' dir='ltr'>l’edition</span> <span class='ocrx_word' id='word_1_219' title='bbox 888 2637 936 2675; x_wconf 92' lang='lat' dir='ltr'>de</span> <span class='ocrx_word' id='word_1_220' title='bbox 958 2637 1049 2675; x_wconf 87' lang='lat' dir='ltr'>Mlle</span> <span class='ocrx_word' id='word_1_221' title='bbox 1066 2640 1245 2689; x_wconf 87' lang='lat' dir='ltr'>Dupont,</span> <span class='ocrx_word' id='word_1_222' title='bbox 1267 2637 1419 2689; x_wconf 82' lang='lat' dir='ltr'>appelle</span> <span class='ocrx_word' id='word_1_223' title='bbox 1437 2650 1481 2675; x_wconf 91' lang='lat' dir='ltr'>ce</span> <span class='ocrx_word' id='word_1_224' title='bbox 1502 2648 1744 2689; x_wconf 83' lang='lat' dir='ltr'>personnage</span> <span class='ocrx_word' id='word_1_225' title='bbox 1766 2652 1784 2670; x_wconf 73' lang='grc' dir='ltr'><strong><em>κ</em></strong></span> <span class='ocrx_word' id='word_1_226' title='bbox 1806 2633 1882 2673; x_wconf 85' lang='lat' dir='ltr'>sire</span> 
     </span>
     <span class='ocr_line' id='line_1_30' title="bbox 464 2696 933 2749; baseline -0.002 -13"><span class='ocrx_word' id='word_1_227' title='bbox 464 2698 588 2736; x_wconf 80' lang='lat' dir='ltr'>Jehan</span> <span class='ocrx_word' id='word_1_228' title='bbox 605 2696 893 2749; x_wconf 87' lang='lat' dir='ltr'>Longheustod.</span> <span class='ocrx_word' id='word_1_229' title='bbox 916 2714 933 2731; x_wconf 72' lang='grc' dir='ltr'>»ι</span> 
     </span>
    </p>

    <p class='ocr_par' dir='ltr' id='par_1_10' title="bbox 521 2756 1092 2797">
     <span class='ocr_line' id='line_1_31' title="bbox 521 2756 1092 2797; baseline 0 -2"><span class='ocrx_word' id='word_1_230' title='bbox 521 2760 558 2795; x_wconf 81' lang='grc'>5.</span> <span class='ocrx_word' id='word_1_231' title='bbox 591 2758 830 2797; x_wconf 78' lang='lat' dir='ltr'>Suscitatores</span> <span class='ocrx_word' id='word_1_232' title='bbox 850 2756 946 2795; x_wconf 88' lang='lat' dir='ltr'>dans</span> <span class='ocrx_word' id='word_1_233' title='bbox 964 2756 1002 2795; x_wconf 91' lang='lat' dir='ltr'>le</span> <span class='ocrx_word' id='word_1_234' title='bbox 1021 2770 1092 2795; x_wconf 89' lang='lat' dir='ltr'>ms.</span> 
     </span>
    </p>

    <p class='ocr_par' dir='ltr' id='par_1_11' title="bbox 522 2813 1710 2867">
     <span class='ocr_line' id='line_1_32' title="bbox 522 2813 1710 2867; baseline 0 -13"><span class='ocrx_word' id='word_1_235' title='bbox 522 2819 560 2855; x_wconf 86' lang='grc'>6.</span> <span class='ocrx_word' id='word_1_236' title='bbox 590 2815 771 2867; x_wconf 85' lang='lat' dir='ltr'>Cbapitre</span> <span class='ocrx_word' id='word_1_237' title='bbox 789 2815 860 2854; x_wconf 79' lang='lat' dir='ltr'>tire</span> <span class='ocrx_word' id='word_1_238' title='bbox 879 2815 928 2854; x_wconf 82' lang='lat' dir='ltr'>de</span> <span class='ocrx_word' id='word_1_239' title='bbox 947 2816 986 2854; x_wconf 82' lang='lat' dir='ltr'>la</span> <span class='ocrx_word' id='word_1_240' title='bbox 1005 2818 1130 2855; x_wconf 72' lang='lat' dir='ltr'>meme</span> <span class='ocrx_word' id='word_1_241' title='bbox 1149 2828 1284 2855; x_wconf 90' lang='lat' dir='ltr'>source</span> <span class='ocrx_word' id='word_1_242' title='bbox 1302 2828 1378 2866; x_wconf 88' lang='lat' dir='ltr'>que</span> <span class='ocrx_word' id='word_1_243' title='bbox 1397 2815 1452 2854; x_wconf 86' lang='lat' dir='ltr'>les</span> <span class='ocrx_word' id='word_1_244' title='bbox 1471 2813 1710 2867; x_wconf 71' lang='lat' dir='ltr'>precedents.</span> 
     </span>
    </p>
   </div>
  </div>
 </body>
</html>
