2054 3470
409 302 460 339 3⁶
767 298 1110 338 HISTORIARUM
1133 299 1371 336 LUDOVICI
1398 299 1455 335 XI

407 389 543 453 logiae
575 388 832 454 professor,
873 389 1127 454 episcopus
1163 388 1485 447 Abrincensis,
1525 396 1570 433 et
1606 387 1826 450 magister

409 465 628 514 Nicolaus
658 465 718 513 de
754 468 944 525 Bosco¹,
979 465 1279 514 bachalarius
1311 466 1359 512 in
1394 479 1528 512 sacra
1559 462 1822 527 theologia,

408 544 619 592 decanus
649 543 1065 607 Rothomagensis‚
1096 560 1207 590 cum
1236 542 1524 607 quibusdam
1549 541 1712 607 patriae
1737 533 1830 587 ad·-

405 623 586 670 vocatis
613 640 623 668 :
649 622 736 669 viri
760 621 955 686 quidem
974 620 1103 668 docti
1123 631 1171 668 et
1188 621 1462 668 litteraturae
1483 618 1821 683 competentis,

405 701 490 749 sed
513 700 679 748 talium
702 717 881 757 rerum,
909 716 1025 764 quas
1050 698 1318 747 tractandas
1342 697 1680 763 suscipiebant,
1707 693 1828 743 nihil

404 788 487 826 aut
505 777 647 825 nimis
669 793 841 842 parum
863 776 1065 842 experti3
1090 776 1323 824 habentes
1346 775 1541 840 quidem
1566 774 1720 822 zelum
1743 772 1829 820 bo-

402 872 522 903 num
546 872 601 903 ac
628 855 913 916 ferventem,
944 854 1028 902 sed
1054 871 1153 901 non
1182 854 1448 902 secundum
1475 853 1748 913 scientiam,
1776 860 1835 898 ut

402 932 656 999 Apostolus
688 931 748 979 de
780 932 1070 997 quibusdam
1102 932 1198 979 suis
1232 931 1582 979 contribulibus
1613 930 1830 995 loquitur

401 1010 451 1057 in
480 1009 690 1075 Epistola
712 1009 775 1056 ad
802 1012 1061 1056 Romanos,
1087 1008 1233 1067 Quod
1257 1026 1285 1056 e
1308 1009 1507 1072 vestigio
1530 1025 1692 1056 rerum
1712 1024 1829 1072 pro-

405 1103 590 1151 gressus
613 1086 889 1139 declaravit.
917 1090 1121 1134 Tantum
1151 1086 1395 1134 enimsibi
1423 1086 1541 1133 salso
1563 1085 1623 1133 de
1647 1084 1830 1133 officia-

403 1163 546 1224 lium,
587 1164 670 1229 qui
705 1165 765 1211 ad
802 1165 929 1228 regia
963 1164 1208 1228 vectigalia
1240 1163 1441 1211 levanda
1478 1173 1526 1210 et
1561 1162 1830 1227 colligenda

402 1241 623 1307 deputari
643 1251 1009 1302 consueverant,
1036 1241 1431 1289 concussionibus
1454 1250 1500 1288 et
1521 1240 1698 1306 rapinis
1721 1256 1830 1305 per·

403 1329 663 1379 suaserant,
686 1318 837 1383 quod,
862 1318 1182 1366 diminutione
1206 1319 1326 1366 facta
1345 1319 1408 1366 ad
1432 1318 1734 1366 medietatem
1754 1315 1831 1365 vel

405 1396 608 1462 amplius
635 1394 930 1460 gabellarum
953 1395 1061 1442 salis
1091 1405 1138 1442 et
1171 1396 1328 1459 quarti
1359 1394 1542 1442 denarii
1576 1394 1832 1460 potionum

403 1490 508 1538 quae
532 1472 594 1520 ad
617 1471 864 1519 tabernam
887 1471 1183 1534 venduntur,
1214 1489 1475 1531 summam,
1505 1488 1611 1536 quae
1634 1470 1747 1519 inde
1769 1469 1830 1517 ad

403 1567 565 1614 regem
578 1560 890 1598 consueverat
906 1551 1172 1615 pervenire,
1196 1549 1371 1597 confici
1386 1560 1433 1597 et
1451 1550 1677 1597 resultare
1692 1565 1833 1614 posse

404 1637 665 1694 sperarent.
693 1628 919 1674 Similiter
938 1628 1082 1675 etiam
1104 1627 1165 1675 de
1189 1627 1398 1675 collectis
1421 1635 1505 1674 s'eu
1530 1626 1691 1688 talliis,
1714 1626 1832 1673 rele-

406 1706 565 1753 vando
588 1705 854 1770 quamlibet
871 1706 1152 1770 parochiam
1171 1705 1232 1753 de
1253 1707 1389 1753 tertia
1411 1704 1486 1753 vel
1508 1715 1675 1769 quarta
1695 1713 1831 1769 parte

405 1799 603 1848 summae
637 1780 738 1846 ejus
772 1798 918 1846 quam
962 1799 1093 1829 anno
1132 1782 1417 1847 praecedenti
1464 1780 1826 1845 dependissent‚

407 1860 717 1907 confidebant
744 1876 884 1924 posse
908 1876 1166 1918 summam,
1196 1876 1341 1924 quam
1366 1860 1464 1922 regi
1485 1859 1828 1923 promiserant,

407 1938 648 2003 complere
667 1948 808 2001 atque
829 1937 1057 2001 perlicere
1079 1956 1088 1983 :
1110 1935 1177 1983 illi
1196 1937 1347 1984 innixi
1363 1936 1678 1984 fundamento
1698 1933 1832 1999 quod

407 2016 754 2064 advocatorum
802 2014 876 2061 vel
922 2015 1158 2079 imperitia
1209 2014 1283 2062 vel
1328 2014 1467 2061 dolus
1507 2013 1826 2071 confinxerat,

408 2094 684 2159 eisdemque
698 2108 978 2158 persuasum
996 2092 1169 2139 fecerat
1183 2091 1332 2155 quod,
1351 2101 1580 2156 quantam
1595 2091 1655 2138 de
1672 2090 1753 2154 huj
1762 2108 1833 2137 us-

408 2172 599 2219 cemodi
622 2170 808 2218 tributis
830 2180 974 2234 atque
993 2169 1298 2234 vectigalibus
1320 2169 1528 2216 facerent
1551 2168 1832 2215 diminutio-

410 2266 545 2309 nem,
575 2247 877 2297 tantumdem
906 2248 1164 2311 quotannis
1204 2247 1275 2294 vel
1311 2247 1515 2312 amplius
1550 2246 1753 2311 praedari
1784 2256 1832 2294 et

407 2341 579 2391 capere
601 2325 825 2373 officiales
845 2323 1136 2373 tributorum
1157 2324 1296 2372 variis
1320 2334 1366 2371 et
1388 2323 1630 2388 exquisitis
1650 2321 1830 2371 machi-

408 2405 644 2452 namentis
667 2414 993 2451 consuessent.

474 2484 532 2529 Et
559 2482 775 2547 profecto
802 2479 996 2527 infitiari
1034 2496 1132 2526 non
1163 2489 1319 2544 potest
1353 2481 1469 2544 quin
1513 2497 1598 2545 per
1634 2479 1834 2528 eosdem

408 2558 636 2606 officiales
670 2558 849 2619 multa,
886 2557 1286 2604 concussionibus
1321 2567 1369 2604 et
1406 2559 1548 2605 variis
1587 2557 1834 2606 fraudibus

407 2647 551 2703 atque
569 2638 714 2699 dolis,
740 2653 768 2684 a
788 2634 1164 2702 provincialibus
1187 2634 1307 2682 ultra
1331 2636 1647 2683 constitutum
1668 2645 1828 2684 extor-

460 2761 477 2796 1
490 2788 498 2797 .
531 2758 684 2797 Nicolas
702 2757 756 2796 du
777 2760 874 2796 Bosc
887 2786 898 2805 ,
919 2756 1048 2807 doyen
1068 2755 1121 2794 du
1141 2756 1320 2809 Chapitre
1348 2756 1396 2795 de
1421 2760 1579 2806 Rouen,
1607 2765 1718 2796 autre
1744 2759 1834 2808 per*-

405 2831 577 2870 nonnage
597 2817 672 2855 fort
692 2815 872 2869 employa
893 2829 994 2869 pour
1011 2815 1048 2854 la
1066 2814 1351 2855 rehabilitation
1376 2816 1424 2854 de
1443 2816 1481 2854 la
1502 2815 1669 2860 Pneelle.
