2054 3470
830 356 976 398 LIBER
1002 360 1200 397 PRIMUS.
1674 362 1716 397 Η

315 465 402 496 suo
425 447 663 495 insideret.
687 446 812 494 Nihil
835 463 1009 512 nempe
1030 456 1215 494 tantum
1241 447 1289 494 in
1311 446 1548 494 desiderio
1571 464 1623 494 se
1644 449 1724 496 ha-

316 525 428 572 bere
449 523 681 571 asserebat
695 560 707 583 ‚
734 534 970 588 quantum
990 534 1042 571 ut
1074 524 1282 588 populos
1315 525 1446 588 regni
1470 524 1723 589 ipsumque

317 618 514 667 regnum
539 600 600 648 ab
635 601 839 666 angariis
873 611 919 648 et
952 601 1242 648 immanibus
1269 601 1558 648 tributorum
1583 611 1724 666 atque

317 669 615 728 exactionum
632 679 877 740 oneribus,
898 678 1072 743 quibus
1090 679 1217 745 ipsos
1234 695 1334 726 esse
1351 678 1604 745 [gravatos]
1620 696 1726 744 cog-

318 756 560 814 noscebat,
581 756 754 815 levare,
776 766 822 803 et
838 757 886 803 in
903 757 1150 822 pristinam
1169 765 1312 820 atque
1328 757 1573 822 antiquam
1589 756 1726 803 liber-

318 843 462 883 tatem
484 834 749 881 instaurare
776 843 822 881 et
848 835 1089 881 restituere
1110 842 1286 899 posset.
1313 835 1372 881 Se
1393 834 1724 899 quinquennio

317 928 468 978 prope
478 911 527 958 in
539 912 673 959 terris
683 912 908 960 mansisse
922 911 1315 975 Burgundionum
1326 911 1476 972 ducis,
1490 911 1538 957 in
1553 910 1727 975 quibus

319 996 415 1036 tam
437 988 698 1054 magnificae
720 989 931 1037 civitates
956 998 1002 1037 et
1025 989 1204 1055 oppida
1226 999 1325 1036 tam
1350 989 1576 1054 opulenta
1590 1024 1602 1047 ,
1627 998 1727 1035 tam

318 1065 528 1113 honestae
549 1065 722 1113 domus
745 1075 794 1113 et
816 1067 949 1113 omni
974 1082 1144 1130 genere
1168 1065 1503 1131 suppellectilis
1524 1075 1623 1113 tam
1642 1064 1726 1112 de-

318 1153 479 1191 center
501 1145 738 1191 instructae
765 1153 812 1191 et
834 1153 1039 1203 ornatae‚
1070 1143 1332 1209 populique
1358 1152 1489 1190 tanta
1515 1141 1730 1190 libertate

320 1221 594 1286 gaudenteS,
621 1231 719 1270 tam
739 1221 951 1269 honestis
970 1221 1181 1269 vestibus
1203 1221 1363 1269 amicti
1378 1230 1422 1268 et
1440 1220 1555 1267 culti
1574 1221 1730 1286 politi·

321 1315 416 1363 que
451 1299 633 1359 forent,
681 1309 733 1346 ut
767 1299 997 1347 felicitatis
1034 1309 1175 1364 atque
1215 1299 1444 1346 libertatis
1483 1297 1731 1363 quoddam

321 1376 560 1441 specimen
583 1386 754 1424 cuncta
776 1394 881 1442 quae
911 1377 1005 1423 illic
1028 1376 1304 1424 viderentur
1318 1413 1330 1436 ‚
1357 1376 1726 1442 praetenderent3

323 1469 410 1499 nec
445 1454 591 1500 ruinae
625 1454 803 1518 quippe
838 1455 932 1501 illic
967 1463 1048 1501 aut
1082 1455 1308 1502 maceries
1339 1454 1587 1501 destructae
1626 1453 1731 1502 ullae

323 1541 653 1591 cernerentur;
673 1547 699 1577 e
717 1531 907 1578 diverso
931 1548 1063 1592 vero,
1086 1548 1197 1579 cum
1215 1532 1425 1596 primum
1439 1548 1640 1595 regnum
1657 1532 1729 1578 in-

325 1623 508 1670 gressus
530 1617 664 1666 esset,
691 1607 870 1672 ubique
896 1609 1056 1655 ruinas
1074 1618 1122 1655 et
1146 1608 1325 1655 dirutas
1349 1609 1576 1657 macerias
1598 1609 1731 1656 inve·-
1768 1599 1778 1601 ἢ

325 1683 476 1743 nisse3
524 1683 791 1748 squalentes
828 1701 940 1732 vero
978 1700 1117 1748 agros
1152 1693 1294 1748 atque
1327 1685 1532 1732 incultos
1548 1720 1560 1741 ,
1603 1686 1733 1732 velut

324 1759 564 1807 desertum
586 1762 852 1825 quoddam,
876 1763 1048 1811 intueri
1069 1762 1244 1828 ubique
1269 1778 1440 1827 posse;
1466 1762 1548 1809 sed
1575 1772 1621 1809 et
1645 1762 1732 1809 ho-

328 1837 502 1897 mines,
526 1848 622 1886 tam
646 1839 772 1886 viros
793 1857 938 1904 quam
966 1841 1204 1896 muliereS‚
1230 1850 1329 1887 tam
1345 1839 1561 1888 vultuum
1583 1842 1734 1889 macie

326 1929 471 1977 quam
489 1913 769 1962 detritorum
795 1925 840 1963 et
862 1915 1174 1963 laceratorum
1207 1916 1599 1964 indumentorum
1634 1918 1735 1964 vili-

328 1999 422 2038 tate
462 2001 602 2055 atque
641 1992 783 2039 etiam
823 2009 976 2058 prope
1016 1993 1252 2053 nuditate,
1286 2002 1467 2041 tantam
1497 2003 1735 2043 ostentare

325 2077 652 2133 paupertatem
676 2079 818 2134 atque
835 2071 1066 2136 inopiam,
1094 2081 1145 2118 ut
1165 2071 1322 2136 potius
1344 2070 1485 2118 bonis
1507 2071 1675 2119 nudati
1689 2081 1735 2119 et

326 2145 511 2210 spoliati
534 2162 589 2192 ac
610 2146 737 2194 velut
759 2164 817 2194 ex
840 2165 983 2212 specu
1005 2165 1088 2195 seu
1110 2157 1232 2196 tetro
1256 2148 1417 2213 aliquo
1452 2165 1639 2196 carcere
1659 2166 1733 2196 re·

329 2231 489 2269 center
516 2225 726 2283 extracti,
751 2241 896 2288 quam
927 2224 1062 2272 liberi
1081 2225 1227 2289 aliqui
1250 2226 1417 2290 populi
1438 2226 1735 2273 existimandi

327 2314 424 2345 esse
436 2298 724 2348 viderentur.
743 2304 996 2367 Propterea
1012 2319 1062 2350 se
1074 2319 1249 2366 magno
1262 2303 1543 2350 intrinsecus
1557 2313 1734 2351 tactum

328 2374 510 2432 dolore,
538 2393 682 2441 seque
705 2395 762 2425 ex
777 2380 937 2426 animo
950 2379 1129 2426 eisdem
1142 2380 1325 2444 totique
1337 2396 1484 2443 regno
1502 2381 1735 2429 viscerose

330 2455 535 2518 compati
556 2454 735 2514 aiebat,
762 2456 893 2520 quod
919 2473 1002 2503 eos
1032 2458 1175 2503 tantis
1204 2456 1384 2504 obsitos
1412 2457 1547 2504 malis
1571 2459 1734 2506 tantis-

332 2545 423 2591 que
458 2531 657 2578 miseriis
697 2543 743 2579 et
787 2533 1132 2581 calamitatibus
1172 2551 1425 2600 oppressos
1466 2536 1732 2595 inveniret3

335 2604 557 2667 pollicens
579 2625 791 2673 operam,
817 2612 1039 2657 annisum
1060 2621 1201 2675 atque
1223 2621 1450 2659 conatum
1472 2628 1666 2659 omnem
1685 2629 1736 2659 se

334 2683 670 2744 praestiturum‚
693 2697 952 2750 quatenus,
978 2687 1234 2736 auxiliante
1256 2691 1359 2736 Deo
1380 2699 1428 2736 et
1452 2689 1705 2736 miserante
1721 2726 1733 2748 ‚

334 2766 487 2804 totum
525 2777 724 2824 regnum
763 2765 1102 2829 universosque
1131 2765 1342 2828 ejusdem
1375 2766 1560 2814 accolas
1595 2766 1736 2812 tantis

335 2834 563 2882 relevatos
585 2839 733 2901 malis,
759 2851 806 2887 et
830 2841 890 2888 ab
911 2842 1134 2890 omnibus
1158 2842 1447 2890 tributorum
1471 2853 1517 2890 et
1538 2844 1737 2908 vectiga-
