2054 3470
397 322 447 358 22
762 321 1107 361 HISTORIARUM
1133 322 1371 361 LUDOVICI
1397 323 1454 359 XI

395 406 900 475 decumqu‘e'semper‚
924 426 1014 474 pro
1045 409 1142 456 suis
1174 410 1492 474 proxeneticis
1513 409 1810 473 obtinendis,

394 502 548 533 novos
580 485 872 533 advocarent
912 495 1056 550 atque
1092 486 1394 550 exquirerent
1426 496 1685 552 emptores.
1724 490 1815 534 Per

394 565 662 630 provincias
698 572 859 611 autem
896 563 1103 626 singulas
1140 565 1274 627 regni
1308 564 1512 611 vicarios
1546 580 1658 611 suos
1690 566 1726 622 ¹,
1762 564 1812 611 in

394 641 605 707 qualibet
628 658 804 706 nempe
829 657 1000 699 unum,
1024 657 1114 705 pro
1143 657 1193 687 se
1214 641 1520 702 instituebat3
1551 657 1639 706 per
1661 648 1815 688 totam

393 719 687 785 provinciam
713 718 983 781 generalem
1005 719 1284 765 vicariatum
1307 718 1523 766 similiter
1540 718 1603 767 ad
1625 719 1814 767 auctio-

394 813 505 843 nem
528 795 636 861 plus
659 795 878 842 offerenti
903 794 1228 842 venumdabat
1250 814 1261 841 :
1289 796 1328 842 is
1358 796 1487 842 enim
1511 795 1573 843 ad
1602 794 1814 844 officium

394 873 658 937 gerendum
676 873 833 937 aptior
851 873 1096 937 magisque
1123 873 1325 920 idoneus
1347 872 1628 935 ducebatur,
1653 874 1736 938 qui
1764 874 1814 921 in

394 950 652 998 licitatione
677 958 871 996 caeteros
891 959 1173 1014 superasset.

459 1030 518 1074 Et
541 1027 653 1075 talia
677 1027 875 1091 quidem
890 1028 991 1092 ipse
1014 1026 1242 1073 dominus
1261 1026 1322 1073 de
1339 1026 1710 1094 Monte-Albani,
1729 1044 1814 1076 na-

396 1106 526 1152 tione
556 1105 701 1164 Brito‚
730 1113 776 1150 et
799 1103 889 1150 alia
917 1103 1103 1150 infinita
1123 1114 1265 1167 atque
1294 1103 1662 1151 innumerabilia
1692 1104 1817 1153 mala

396 1183 610 1246 impune,
634 1198 743 1245 rege
767 1198 866 1228 non
893 1181 1153 1241 nesciente,
1172 1180 1493 1245 quadriennio
1517 1190 1564 1228 et
1584 1180 1818 1246 amplius²

397 1260 445 1306 in
470 1259 614 1306 totius
634 1259 766 1323 regni
784 1257 1080 1324 publicaeque
1102 1258 1170 1305 rei
1192 1258 1517 1323 praejudicium
1533 1259 1812 1319 maximum,

397 1336 554 1401 palam
581 1335 791 1400 gerebat.
822 1338 939 1382 Nam
963 1334 1092 1400 apud
1118 1351 1277 1399 regem
1304 1344 1413 1381 ante
1439 1351 1609 1382 omnes
1641 1337 1817 1400 praeci-

398 1430 496 1478 puo
519 1412 710 1459 honore
729 1411 1003 1459 habebatur
1020 1422 1068 1458 et
1085 1412 1267 1475 majore
1283 1413 1563 1460 auctoritate
1584 1412 1812 1478 pollebat,

399 1490 557 1538 donec
587 1489 780 1537 bonitas
813 1489 1170 1536 clementissimi
1204 1489 1462 1548 Creatoris‚
1496 1490 1579 1554 qui
1610 1506 1724 1537 eum
1754 1490 1817 1538 ad

398 1567 730 1633 poenitentiam
751 1566 834 1613 diu
857 1566 1199 1631 patientissime
1221 1566 1526 1625 sustinuerat,
1551 1567 1816 1615 secundum

400 1645 629 1692 duritiam
655 1661 792 1692 suam
817 1654 864 1691 et
896 1660 982 1691 cor
1018 1645 1344 1710 impoenitens,
1366 1639 1494 1708 juste
1517 1661 1608 1710 pro
1639 1644 1818 1691 meritis

402 1723 445 1769 ei
468 1722 831 1769 retribuendum
853 1721 1005 1781 duxit,
1035 1738 1262 1786 eumque,
1291 1721 1518 1769 derelicto
1540 1737 1819 1768 mammona

400 1800 660 1864 iniquitatis
682 1799 817 1863 quod
850 1798 1092 1845 infinitum
1111 1815 1246 1863 paene
1273 1807 1602 1861 congesserat,
1640 1814 1698 1844 ex
1726 1797 1817 1844 hac

399 1877 609 1924 instabili
631 1877 739 1924 luce
762 1876 996 1924 evocavit.

868 2121 1205 2167 CAPITULUM
1247 2123 1305 2167 Vl
1309 2124 1344 2167 1.

398 2260 450 2293 De
475 2257 565 2292 dolis
581 2265 615 2291 et
629 2255 763 2302 rapinis
778 2255 816 2289 in
832 2252 1083 2289 distribuendis
1101 2254 1200 2301 regni
1219 2254 1347 2289 officiis
1367 2254 1579 2297 commissis,
1598 2262 1634 2289 et
1649 2253 1694 2298 de
1711 2266 1813 2289 amo-

442 2310 541 2345 tione
561 2309 817 2345 officiariorum
833 2317 867 2342 et
888 2306 1022 2342 ducum
1041 2307 1171 2342 militiae
1183 2333 1194 2351 ‚
1216 2319 1304 2354 quos
1320 2316 1420 2355 pater
1442 2320 1525 2342 suus
1551 2307 1766 2353 instituerat,
1782 2316 1815 2342 et

441 2365 593 2400 aliorum
606 2375 784 2398 novorum
801 2361 1020 2397 suffectione.

461 2481 889 2542 Quemadmodum
913 2490 1091 2538 autem,
1115 2490 1167 2526 ut
1187 2480 1455 2540 retulimus,
1481 2481 1701 2546 praefatus
1723 2481 1813 2528 do-

395 2563 553 2610 minus
581 2560 642 2607 de
677 2558 1035 2607 Monte-Albani
1069 2557 1180 2605 data
1213 2557 1301 2604 sibi
1332 2559 1380 2604 in
1406 2574 1628 2622 magnam
1651 2560 1814 2626 reipu-

451 2705 487 2741 1.
523 2704 562 2739 V
559 2703 698 2739 icarias
716 2713 804 2737 suas
821 2698 916 2736 dans
937 2697 974 2735 le
993 2709 1065 2734 ms.

447 2765 486 2800 2.
519 2762 667 2800 C’est-ii
677 2759 779 2798 -dire
793 2759 944 2809 jusqu‘a
961 2770 1001 2795 sa
1017 2764 1132 2804 mort,
1153 2756 1303 2795 arrivee
1321 2770 1369 2795 en
1390 2757 1511 2805 1466,
1528 2766 1565 2795 et
1583 2757 1631 2796 de
1647 2757 1813 2809 laquelle

397 2841 413 2855 ι
437 2822 463 2859 il
480 2835 529 2861 ne
551 2821 609 2859 sut
625 2819 734 2872 point
752 2818 901 2871 pleuriz,
929 2834 946 2850 »ι
968 2816 1074 2855 selon
1093 2815 1129 2854 la
1150 2816 1371 2869 Chronique
1388 2817 1651 2857 scandaleuse.
