2054 3470
673 333 817 371 LIBER
857 331 1128 370 SECUNDUS.
1535 333 1550 367 t
1562 331 1614 367 25

201 443 360 491 regem
378 440 539 491 posse,
568 438 679 470 cum
700 430 848 467 terras
868 435 976 467 suas
993 427 1136 482 atque
1159 417 1371 464 dominia
1393 434 1563 481 magna
1587 437 1612 466 a

202 523 251 554 se
282 504 484 552 invicem
518 510 776 556 terrarum,
803 514 909 562 quae
939 497 1037 560 regi
1070 494 1324 561 parebant,
1353 496 1613 561 intercape-

202 582 313 630 dine
340 580 572 644 sejunctas
590 576 848 634 haberent3
875 575 1070 640 insuper
1091 583 1137 620 et
1163 573 1395 637 quidquid
1419 575 1616 638 promit-

204 668 346 716 teret,
377 674 487 706 cum
516 655 578 704 ab
603 655 808 703 invicem
830 653 1031 719 separati
1054 652 1234 710 forent,
1263 653 1352 699 nisi
1382 663 1615 717 quatenus

202 737 391 796 liberet,
415 733 609 781 minime
633 731 938 797 adimpleret3
967 746 1071 794 quae
1090 730 1231 777 etiam
1249 729 1454 777 dedisset
1472 739 1615 794 atque

203 810 584 870 contradidisset,
623 809 756 857 facile
789 817 954 873 postea
987 823 1267 872 recuperare
1304 823 1468 872 posse,
1503 824 1614 854 cum

202 893 318 942 alter
335 891 395 940 ab
418 891 566 939 altero
590 890 759 938 auxilia
782 888 1012 953 consequi
1033 905 1132 935 non
1155 888 1350 936 valeret.

264 972 374 1017 Haec
409 969 626 1016 feruntur
660 967 786 1015 illius
820 966 956 1013 ducis
997 965 1366 1012 Mediolanensis
1406 966 1536 1014 vafra
1568 976 1616 1014 et

201 1047 371 1097 callida
413 1047 637 1107 consilia,
677 1063 782 1111 quae
826 1045 973 1093 fidem
1008 1045 1205 1110 quidem
1241 1044 1343 1092 dari
1381 1055 1428 1093 et
1465 1047 1614 1095 multa

201 1142 314 1174 cum
335 1125 618 1176 sacramenti
647 1123 876 1188 religione
900 1123 1128 1171 audacter
1149 1122 1388 1188 polliceri,
1414 1123 1502 1171 sed
1527 1125 1616 1172 mi-

201 1204 330 1252 nime
364 1202 631 1260 observari,
660 1211 733 1261 et,
770 1201 983 1265 neglecta
1019 1201 1332 1266 jurisjurandi
1367 1202 1613 1265 religione,

203 1281 415 1345 dejerare
458 1279 739 1327 suadebant.
774 1278 965 1326 Talibus
997 1278 1139 1343 igitur
1167 1278 1380 1326 imbutus
1413 1280 1616 1327 instruc-

202 1367 373 1422 tusque
408 1356 642 1417 consiliis,
677 1373 757 1403 rex
782 1350 811 1403 a
839 1371 1002 1420 pugna
1034 1355 1331 1403 conserenda
1365 1356 1615 1417 abstinuit,

203 1435 315 1483 licet
337 1433 553 1482 militiam
576 1443 844 1498 equestrem
875 1433 1131 1498 plurimam
1159 1450 1448 1498 magnasque
1484 1435 1618 1501 pedi-

207 1523 307 1560 tum
361 1512 503 1559 etiam
544 1511 706 1576 copias
749 1509 974 1568 haberet,
1015 1521 1112 1557 tam
1152 1511 1200 1557 in
1243 1512 1433 1560 civitate
1473 1528 1618 1576 quam

202 1590 356 1654 juxta,
383 1590 464 1654 qui
497 1589 625 1654 ripas
656 1588 865 1635 fluminis
897 1587 1241 1648 observabant,
1270 1606 1331 1636 ne
1363 1589 1620 1637 adversarii

206 1667 385 1714 flumen
411 1675 773 1714 transmearent.
799 1664 1111 1712 Particulares
1141 1675 1296 1712 tamen
1323 1667 1619 1714 incursiones

206 1744 332 1791 ultro
353 1745 568 1808 citroque
592 1759 714 1808 saepe
734 1742 937 1804 fiebant,
956 1743 1006 1790 in
1030 1742 1207 1807 quibus
1233 1743 1308 1790 vel
1329 1743 1497 1808 jaculis
1512 1780 1524 1804 ‚
1546 1743 1621 1791 vel

204 1821 483 1869 lancearum
505 1820 676 1867 ictibus
704 1820 924 1867 nonnulli
955 1821 1124 1877 saucii,
1157 1819 1417 1884 aliquando
1436 1824 1448 1847 ¹
1477 1823 1622 1869 inter-

207 1898 342 1961 fecti,
367 1915 497 1946 nunc
515 1898 630 1958 hac,
656 1915 787 1945 nunc
808 1897 900 1945 illic
916 1934 928 1957 ,
955 1897 1298 1946 reserebantur.
1325 1902 1383 1946 Et
1407 1899 1467 1946 de
1488 1910 1622 1965 parte

206 1976 257 2023 in
276 1993 374 2041 qua
396 1985 531 2024 erant
558 1985 709 2023 castra
737 1975 1160 2039 Burgundionum,
1190 1976 1414 2040 frequens
1439 1977 1517 2024 ille
1548 1977 1622 2024 lu-

209 2052 301 2100 dus
318 2052 560 2117 agebatur.

675 2268 1013 2312 CAPITULUM
1046 2269 1128 2313 vll
1138 2303 1147 2312 .

211 2401 403 2446 Quomodo
429 2402 604 2449 oppidum
628 2403 817 2437 Pontisarae
842 2411 877 2436 et
905 2403 988 2436 urbs
1014 2402 1278 2449 Rothomagum
1300 2404 1451 2439 factione
1477 2417 1621 2449 eorum,

259 2456 319 2502 qui
334 2469 355 2492 a
367 2469 448 2503 rege
470 2465 679 2503 acceperant
694 2469 820 2491 eorum
835 2454 1049 2499 custodiam,
1068 2454 1272 2491 defecerunt
1288 2459 1333 2492 ab
1356 2470 1398 2492 eo
1423 2467 1456 2492 et
1473 2460 1621 2494 transie—

259 2518 344 2545 runt
356 2509 403 2545 ad
419 2510 594 2557 principes
614 2511 830 2557 conjuratos.

282 2627 375 2675 Sed
395 2628 511 2677 dum
532 2629 633 2676 haec
655 2630 717 2676 ita
742 2638 1043 2693 gererentur,
1075 2644 1164 2675 nec
1198 2628 1259 2675 de
1287 2629 1626 2676 reformatione

217 2705 349 2768 regni
367 2721 449 2752 rex
469 2705 647 2769 aliquid
663 2706 828 2754 audire
842 2705 1159 2770 permitteret,
1181 2706 1378 2769 contigit
1396 2715 1447 2752 ut
1468 2715 1627 2752 custos

273 2834 310 2871 1.
342 2831 471 2870 Plutot
486 2835 608 2883 aliqui
627 2847 721 2872 vero.
