2054 3470
452 334 530 370 246
817 333 1158 371 HISTORIARUM
1185 334 1423 372 LUDOVICI
1450 335 1507 372 XI

453 435 553 465 non
584 418 786 464 multum
819 418 881 465 ab
912 418 1120 466 hostium
1151 420 1318 485 procul
1341 419 1526 467 abesset
1548 407 1780 483 exercitu,
1806 422 1868 470 ab

453 494 705 560 aliquibus·
727 495 815 542 sibi
851 496 1172 543 intimioribus
1200 497 1372 543 exstitit
1403 497 1674 543 nuntiatum
1704 507 1756 544 ut
1779 498 1867 546 sibi

450 572 540 636 ipsi
563 581 750 618 caveret
777 590 788 617 z
815 588 926 619 nam
955 573 994 619 si
1017 573 1078 619 ad
1102 572 1428 619 dimicandum
1457 572 1704 620 accederet
1723 611 1736 635 ‚
1769 585 1868 622 erat

449 650 577 698 hosti
605 650 862 697 tradendus
891 667 918 697 a
947 650 1191 697 nonnullis
1221 652 1316 697 suis
1351 651 1576 710 ducibus,
1609 651 1671 698 de
1694 651 1868 715 quibus

452 728 710 793 plurimum
733 727 1024 775 confidebat.

514 806 611 853 Tali
650 806 809 868 itaque
848 804 1122 852 admonitus
1155 806 1324 852 nuntio
1362 814 1409 852 et
1445 806 1715 867 exterritus,
1755 824 1867 854 cum

451 899 619 931 omnes
648 882 794 928 ferme
822 898 851 928 a
877 898 927 929 se
955 881 1157 928 deficere
1182 892 1227 928 et
1250 899 1351 929 sese
1375 882 1436 929 ad
1460 882 1623 929 hostes
1645 883 1868 932 addicere

450 959 654 1020 videret,
688 975 777 1005 nec
819 958 880 1005 de
921 958 1095 1022 quibus
1125 958 1215 1005 sibi
1244 957 1510 1006 cavendum
1538 959 1661 1006 foret
1694 962 1869 1007 certior

451 1034 575 1082 effici
599 1043 776 1099 posset,
803 1051 889 1098 per
914 1034 1071 1097 fugam
1096 1034 1184 1080 sibi
1209 1035 1414 1098 tempori
1437 1036 1685 1082 consulere
1708 1037 1868 1083 utilius

451 1111 604 1157 duxit.
638 1110 799 1169 Unde,
829 1112 994 1176 paucis
1033 1112 1238 1176 acceptis
1270 1111 1473 1158 navibus
1501 1121 1569 1171 et,
1598 1113 1666 1158 uti
1687 1114 1867 1161 instans

452 1189 573 1235 serre
613 1188 810 1252 fierique
838 1188 1104 1253 patiebatur
1127 1188 1416 1253 periculum,
1450 1189 1690 1236 instructis
1716 1200 1763 1237 et
1791 1207 1866 1236 ar-

453 1268 591 1314 matis
603 1305 614 1323 ‚
635 1267 820 1313 circiter
845 1284 954 1313 cum
978 1266 1337 1330 quadringentis
1354 1266 1464 1311 viris
1479 1282 1506 1312 e
1524 1282 1671 1329 regno
1688 1266 1868 1314 absces-

452 1345 510 1390 sit
539 1354 585 1390 et
610 1343 666 1389 ad
698 1344 855 1390 littora
878 1343 1140 1390 Hollandiae
1165 1343 1365 1406 trajecit,
1393 1359 1544 1407 prope
1566 1346 1869 1406 Hagam-Co-

452 1421 616 1468 mitis¹.
644 1424 695 1466 In
716 1438 814 1485 quo
834 1421 943 1467 loco
963 1438 1018 1467 ex
1038 1421 1281 1467 voluntate
1299 1421 1432 1467 ducis
1452 1421 1863 1484 Burgundionum,

453 1498 622 1544 sororii
644 1499 734 1556 sui,
761 1499 970 1545 constitit
991 1515 1077 1563 per
1098 1508 1192 1544 tres
1213 1514 1400 1545 menses
1423 1508 1506 1544 aut
1530 1507 1735 1562 quatuor
1745 1502 1775 1545 ².

518 1578 639 1621 Cum
658 1585 817 1622 autem
836 1579 1124 1621 Francorum
1143 1591 1222 1621 rex
1243 1592 1352 1622 eum
1371 1575 1437 1621 sic
1453 1575 1701 1622 excessisse
1718 1592 1867 1639 regno

453 1661 595 1715 atque
618 1651 895 1715 profugum,
924 1652 1185 1710 Henricum
1207 1668 1322 1698 vero
1346 1652 1394 1697 in
1418 1668 1577 1714 regem
1599 1652 1866 1699 restitutum
1887 1652 1890 1661 ’

453 1737 499 1774 et
531 1726 839 1775 sublimatum
874 1744 1018 1792 opera
1051 1729 1189 1774 amici
1212 1729 1283 1774 sui
1309 1728 1532 1774 Warviclz
1565 1728 1832 1791 agnovisset
1851 1765 1863 1786 ,

453 1805 671 1851 aestimari
711 1805 846 1853 facile
879 1815 961 1852 aut
999 1805 1093 1852 dici
1131 1821 1230 1851 non
1270 1814 1452 1869 potest,
1490 1814 1717 1868 quantam
1754 1804 1866 1851 inde

452 1883 613 1928 animo
632 1882 839 1929 laetitiam
861 1883 1111 1947 acceperit,
1135 1892 1426 1945 quantumve
1448 1898 1557 1928 eum
1580 1882 1867 1946 prosperitas

453 1959 785 2022 hujuscemodi
803 1959 1038 2018 extulerit,
1063 1968 1110 2005 et
1131 1968 1362 2020 quantum
1382 1957 1552 2004 exinde
1570 1959 1861 2005 intumuerit.

453 2038 557 2082 Jam
584 2037 711 2082 enim
740 2036 954 2099 profecto
982 2034 1232 2099 reputabat
1251 2036 1324 2080 se³
1345 2051 1434 2098 pro
1452 2044 1584 2092 voto,
1606 2034 1739 2098 quod
1757 2035 1867 2082 totis

456 2113 699 2160 desideriis
724 2121 969 2176 optaverat
984 2121 1038 2159 >et
1060 2111 1274 2175 plurimis
1296 2112 1578 2173 exquisierat
1602 2110 1768 2158 studiis
1789 2121 1864 2158 at-

452 2206 544 2253 que
566 2188 826 2243 laboribus,
847 2188 1194 2235 adinvenisse‘:
1214 2198 1542 2252 opportunum
1557 2188 1733 2234 scilicet
1746 2199 1866 2234 tem-

451 2283 563 2332 pus,
589 2282 688 2329 quo
713 2282 761 2312 se
785 2265 845 2312 de
868 2265 990 2312 duce
1014 2265 1295 2329 Burgundiae
1319 2266 1502 2326 ulcisci,
1532 2282 1739 2330 eumque
1760 2282 1866 2313 era-

453 2344 566 2390 dere
590 2344 651 2390 de
673 2353 798 2389 terra
819 2352 961 2407 atque
988 2344 1283 2406 exstinguere
1311 2345 1499 2407 penitus
1525 2353 1700 2408 posset.
1728 2344 1866 2390 Unde

451 2421 607 2467 statim
633 2436 745 2467 cum
773 2419 1016 2480 Edoardo,
1043 2420 1257 2484 principe
1281 2420 1461 2467 WaJliae
1483 2420 1750 2481 antedicto,
1781 2420 1865 2484 qui

507 2583 542 2618 1.
574 2585 605 2618 A
625 2580 820 2627 Alkmaar,
845 2581 932 2630 pres
952 2579 989 2617 la
1010 2582 1118 2630 Haye
1140 2580 1204 2631 (en
1222 2579 1437 2618 hollandais
1459 2583 1487 2617 's
1510 2581 1834 2631 Graavenhaage).

500 2643 539 2678 2.
570 2640 602 2678 11
622 2640 752 2678 arriva
770 2640 807 2677 le
828 2642 871 2677 11
896 2639 1052 2678 octobre
1069 2642 1189 2688 1470,
1209 2649 1247 2678 et
1262 2640 1421 2691 repartit
1439 2654 1540 2691 pour
1558 2640 1811 2692 l’Angleterre
1827 2641 1863 2679 le

451 2701 502 2737 10
521 2712 623 2737 mars
643 2701 740 2736 1471
752 2727 762 2737 .
1468 2716 1473 2721 ·

502 2760 541 2797 3.
570 2760 614 2796 Si
630 2757 723 2795 dans
740 2757 777 2795 le
798 2770 868 2794 ms.

502 2820 540 2854 4.
572 2819 778 2855 Advenisse
796 2816 891 2854 dans
911 2816 946 2854 le
965 2829 1036 2855 ms.
