2054 3470
725 307 871 344 LIBER
896 307 1143 353 QUARTUS.
1564 308 1640 345 359

231 396 594 444 exsaturandam
612 395 789 442 ventris
807 393 1065 457 ingluviem
1083 393 1301 441 dietenus
1322 395 1504 459 replere
1526 395 1646 443 cibis

230 483 278 520 et
299 473 491 538 potibus
517 474 566 519 in
589 471 732 519 natali
753 470 856 518 solo
882 469 1153 529 assuefacti,
1179 471 1270 517 nisi
1293 470 1418 518 ferro
1442 474 1644 537 conqui-

230 560 410 609 rerent,
436 550 624 614 copiam
647 548 743 595 illic
777 564 879 594 non
900 546 1136 594 haberent
1151 582 1164 606 ‚
1190 556 1378 611 treugas
1401 548 1645 597 triduanas

230 644 315 675 seu
346 626 684 692 quatriduanas
705 642 735 673 a
758 641 868 688 rege
894 627 1189 672 Francorum
1215 625 1459 689 postulare
1481 626 1641 692 coepit.

230 707 359 752 Intra
375 720 510 769 quas,
536 720 646 750 cum
669 703 811 750 etiam
833 701 1057 749 alimenta
1078 700 1169 749 sibi
1191 718 1376 767 suoque
1398 703 1643 762 exercitui,

231 791 282 828 ut
312 797 470 829 emere
497 780 681 841 liceret,
711 798 740 828 a
767 780 1304 846 Francisimpetrasset,
1335 781 1493 827 statim
1512 781 1645 844 jussu

229 860 517 907 Francorum
543 858 665 922 regis
688 868 732 905 et
757 857 984 906 alimenta
1016 866 1064 905 et
1086 857 1199 905 vina
1222 856 1403 921 Anglici
1426 857 1476 904 in
1499 857 1650 906 abun-

228 937 390 985 dantia
424 937 715 985 habuerunt.
754 939 861 995 Qua
893 935 955 984 de
990 953 1042 983 re
1076 935 1339 1002 plurimum
1373 935 1645 997 exhilarati,

228 1014 371 1061 etiam
391 1013 451 1061 de
470 1030 603 1079 pace,
626 1023 706 1060 aut
725 1013 982 1078 prolixiore
999 1022 1180 1077 treuga,
1202 1018 1456 1060 tractatum
1470 1011 1650 1060 habere

227 1101 493 1156 coeperunt.

292 1171 445 1234 Super
474 1185 572 1233 quo
603 1186 714 1216 cum
748 1167 906 1234 plures
938 1167 1198 1233 absumptae
1219 1167 1414 1215 fuissent
1447 1169 1571 1216 inter
1601 1186 1651 1216 se

228 1246 364 1307 dies¹‚
378 1245 571 1293 tandem
582 1246 643 1293 ad
656 1255 870 1309 treugam
889 1254 1070 1311 septem
1088 1254 1170 1292 aut
1185 1261 1362 1292 novem
1371 1249 1646 1303 annorum’,

228 1323 408 1387 absque
426 1324 546 1370 scitu
569 1323 962 1388 Burgundionum
984 1322 1139 1382 duciS‚
1161 1332 1529 1383 concurrerunt;
1556 1340 1651 1387 qua

228 1409 406 1458 tamen,
428 1401 466 1447 si
482 1399 623 1448 vellet
638 1400 735 1447 dux
753 1401 872 1465 ipse,
893 1396 1106 1447 similiter
1121 1399 1345 1465 potiundi
1364 1409 1650 1465 potestatem

227 1476 442 1524 haberet.
478 1478 672 1524 Interim
704 1487 864 1525 autem
895 1494 986 1542 pro
1022 1476 1264 1542 praetensis
1295 1492 1324 1524 a
1358 1493 1408 1523 se
1436 1476 1647 1540 juribus,

228 1564 326 1602 tam
348 1554 410 1601 ad
438 1571 638 1618 regnum
659 1564 706 1601 et
727 1554 946 1602 diadema
969 1554 1175 1604 Franciae
1198 1570 1343 1617 quam
1366 1553 1428 1601 ad
1450 1553 1651 1603 ducatus

229 1633 534 1680 Normanniae
555 1643 602 1680 et
623 1633 900 1697 Aquitaniae,
928 1631 1126 1680 deberet
1145 1632 1388 1680 exsolvere
1406 1649 1488 1680 rex
1505 1636 1649 1682 Fran·

228 1725 398 1757 corum
425 1711 686 1774 Anglorum
713 1711 811 1774 regi
840 1711 1186 1774 quinquaginta
1212 1710 1360 1757 millia
1385 1720 1519 1758 scuta
1545 1713 1648 1760 auri

228 1788 511 1851 quotannis,
542 1790 666 1835 inter
697 1805 780 1835 eos
811 1789 955 1835 etiam
984 1789 1239 1836 contractis
1263 1787 1565 1854 sponsalibus
1589 1789 1650 1838 de

228 1862 325 1912 filia
356 1865 480 1930 regis
511 1866 795 1930 Anglorum,
842 1867 1163 1931 primogenito
1195 1869 1498 1914 Francorum>
1527 1868 1651 1932 regis

227 1943 535 1990 matrimonio
557 1943 848 2008 copulanda.

294 2022 352 2066 Et
373 2037 431 2068 eo
456 2021 580 2068 inter
599 2038 699 2068 sese
721 2022 785 2069 ita
810 2038 1036 2086 percusso
1062 2021 1257 2080 foedere,
1284 2023 1546 2085 Anglorum
1568 2040 1650 2072 rex

229 2111 340 2142 cum
356 2097 451 2143 suis
468 2097 736 2161 ingentibus
753 2099 904 2164 copiis
922 2100 1106 2163 integer
1121 2108 1168 2146 et
1185 2099 1371 2160 illaesus,
1390 2099 1522 2148 nulla
1539 2117 1649 2148 cum

228 2171 447 2220 hostibus
476 2176 812 2239 congressione
842 2176 966 2224 facta
989 2194 1078 2224 nec
1100 2176 1200 2224 ullo
1220 2179 1480 2226 certamine
1501 2188 1651 2226 atten-

229 2259 329 2298 tato
364 2251 582 2316 quidem,
616 2254 868 2313 remensis,
899 2271 986 2319 per
1012 2271 1134 2319 quos
1160 2265 1377 2315 venerat,
1410 2257 1555 2321 agris,
1587 2257 1649 2304 ad

230 2327 463 2392 oppidum
478 2346 619 2377 suum
631 2330 865 2378 Calesium
881 2340 928 2378 et
942 2332 991 2378 in
1010 2331 1226 2396 Angliam
1241 2333 1471 2398 repedare
1484 2335 1644 2400 coepit.

284 2502 384 2541 1.11
407 2511 463 2541 est
484 2505 506 2542 a
534 2517 762 2556 remarquer
779 2506 828 2543 ici
850 2519 926 2558 que
954 2506 1119 2546 l'auteur
1148 2507 1303 2547 semble
1320 2509 1473 2548 n'avoir
1494 2522 1571 2561 pas
1601 2522 1651 2547 eu

229 2560 498 2601 connaissance
527 2563 581 2602 du
608 2575 850 2616 campement
877 2565 945 2604 des
974 2566 1135 2620 Anglais
1167 2567 1314 2608 devant
1332 2568 1516 2636 Amiens,
1539 2567 1581 2605 ni
1601 2567 1651 2606 de

227 2619 254 2659 l’
257 2628 442 2660 entrevue
463 2621 531 2661 des
549 2623 650 2662 deux
668 2625 747 2663 rois
761 2626 783 2662 a
801 2625 1029 2676 Picquigny.

284 2681 324 2719 2.
354 2682 460 2719 Cette
484 2683 590 2720 treve
616 2683 707 2721 etait
728 2683 777 2722 de
801 2692 885 2736 sept
906 2697 989 2722 ans.
1010 2686 1082 2722 Les
1105 2684 1346 2736 stipulations
1371 2684 1465 2722 dont
1487 2684 1561 2722 elle
1591 2684 1649 2722 fut

230 2751 509 2792 accompagnee
521 2750 610 2780 sont
616 2743 840 2795 consignees
854 2744 949 2784 dans
958 2743 1051 2783 trois
1065 2753 1167 2783 actes
1181 2745 1288 2784 dates
1300 2745 1354 2783 du
1362 2747 1413 2783 29
1426 2745 1544 2783 amitt
1553 2745 1646 2782 ⁴75.

230 2799 390 2851 Lenglet
407 2800 642 2852 Dufresnoy,
667 2803 887 2851 Commines,
908 2811 936 2841 t.
957 2806 1029 2851 111,
1051 2817 1091 2855 p.
1115 2805 1192 2842 397
1211 2813 1250 2842 et
1264 2804 1362 2843 suiV.
