2054 3470
420 359 495 396 370
785 356 1120 393 HISTORIARUM
1148 356 1384 393 LUDOVICI
1411 356 1469 392 XI

418 446 703 510 conquirere
729 453 913 509 posset,
939 442 1066 490 nulla
1091 459 1120 490 a
1149 459 1257 506 rege
1281 442 1355 490 vel
1386 443 1481 489 suis
1512 442 1633 489 foret
1655 443 1827 490 auxilia

417 520 668 569 habiturus
685 523 713 566 ¹.

480 602 573 646 Has
603 609 761 645 autem
800 598 921 647 inter
959 613 1009 644 se
1043 597 1313 662 principum
1349 596 1594 660 pactiones
1627 596 1826 644 infames

416 692 470 724 ac
509 678 802 742 turpissimas
838 692 1005 722 oannes
1050 675 1197 721 ferme
1236 674 1324 720 viri
1358 673 1475 720 boni
1511 673 1613 720 fore
1641 683 1829 738 reputa-

414 753 530 801 bant
541 791 553 814 ,
570 753 744 818 quibus
761 753 879 800 alter
894 751 1022 799 alteri
1042 750 1316 815 perdendos
1330 760 1472 815 atque
1489 749 1830 815 opprimendos

412 829 770 888 concedebant,
813 827 989 893 quibus
1025 828 1229 874 maxime
1265 828 1438 874 auxilio
1476 836 1523 873 et
1565 826 1829 873 defensioni

413 906 575 953 adesse
601 906 893 952 debuissent.
918 907 1029 950 Esto
1055 904 1182 950 enim
1207 903 1464 968 aliquando
1489 902 1723 949 nonnulla
1745 902 1830 949 mi-

411 999 501 1029 nus
518 983 642 1045 juste
673 982 899 1029 adversus
924 980 1316 1045 Burgundionum
1347 980 1520 1027 ducem
1542 996 1704 1027 comes
1727 979 1828 1044 ipse

410 1060 718 1107 Sancti-Pauli
754 1059 1044 1116 admisisset,
1071 1057 1287 1122 pluribus
1309 1068 1467 1105 tamen
1496 1058 1545 1104 in
1568 1056 1710 1104 rebus
1731 1073 1830 1103 ma-

409 1136 513 1199 gnis
546 1135 633 1183 sibi
665 1136 856 1201 adjutor
890 1146 937 1183 et
968 1135 1106 1182 valde
1130 1135 1421 1183 necessarius
1452 1134 1710 1194 exstiterat;
1744 1133 1827 1180 sed

315 1235 334 1250 „
409 1223 456 1260 et
478 1231 589 1260 cum
613 1214 674 1261 ad
697 1232 808 1261 eum
846 1215 895 1260 in
925 1214 1144 1260 extremis
1178 1213 1398 1277 periculis
1426 1211 1738 1274 confugisset,
1765 1209 1826 1258 ab

409 1305 491 1349 eo,
510 1290 588 1335 ‘uti
617 1290 775 1353 plures
806 1287 1014 1345 aiebant,
1040 1288 1289 1334 securitate
1314 1295 1507 1352 accepta
1539 1295 1683 1349 atque
1708 1300 1827 1349 pro-

407 1366 565 1426 missa,
591 1365 767 1412 nullius
789 1365 956 1412 validae
983 1364 1298 1411 excusationis
1320 1363 1524 1427 suffugio
1549 1361 1829 1426 Burgundiae

407 1442 501 1488 dux
533 1458 672 1507 posse
701 1442 893 1489 defendi
917 1441 1125 1502 videtur,
1150 1441 1406 1505 quominus
1426 1439 1688 1504 inhumane
1719 1454 1826 1484 cru-

406 1519 671 1584 deliterque
693 1536 748 1567 ac
770 1519 953 1585 perfide
980 1536 1029 1566 se
1058 1519 1261 1565 nimium
1283 1517 1506 1565 habuerit
1526 1531 1638 1579 erga
1659 1515 1825 1580 praefa-

411 1606 511 1643 tum
535 1597 785 1656 comitem,
811 1598 918 1660 qui,
950 1613 1063 1643 cum
1100 1605 1254 1643 tantas
1282 1612 1393 1642 cum
1426 1611 1486 1641 eo
1519 1593 1749 1641 amicitias
1771 1608 1827 1640 ac

410 1673 748 1720 familiaritates
772 1673 1036 1731 habuisset,
1060 1673 1215 1736 ipsum
1234 1688 1321 1718 suo
1344 1670 1533 1736 capitali
1554 1670 1748 1717 inimico
1767 1668 1828 1717 ad

409 1765 577 1796 necem
596 1749 903 1797 contradidit.
926 1749 1064 1796 Unde
1082 1748 1322 1813 profecto,
1354 1764 1464 1794 cum
1479 1756 1677 1812 perante
1692 1745 1830 1810 plura

410 1826 520 1872 satis
543 1826 785 1873 interdum
809 1826 959 1872 fauste
989 1825 1079 1890 ipsi
1103 1823 1499 1887 Burgundionum
1522 1822 1635 1869 duci
1655 1838 1828 1887 prove-

466 1954 481 1989 1
496 1981 504 1989 .
535 1951 624 1990 Cela
639 1955 739 1989 n’est
753 1964 821 2003 pas
839 1958 923 1988 tout
939 1952 960 1987 a
980 1949 1047 1987 fait
1061 1957 1184 1987 exact.
1203 1952 1257 1987 Le
1269 1948 1328 1986 roi
1347 1948 1388 1985 fit
1399 1959 1590 1995 nommer,
1608 1945 1702 1984 dans
1715 1945 1825 1984 l'acte

411 2010 465 2048 du
479 2013 496 2047 1
506 2013 529 2049 3
542 2010 774 2062 septembre,
792 2010 829 2047 le
844 2009 919 2047 duc
933 2009 982 2047 de
999 2008 1200 2054 Lorraine,
1215 2021 1285 2046 son
1303 2007 1408 2054 aliie,
1429 2018 1578 2044 comme
1595 2018 1647 2043 un
1660 2005 1709 2043 de
1728 2019 1826 2044 ceux

410 2070 478 2119 qui
491 2069 702 2117 jouiraient
716 2069 768 2107 du
787 2068 958 2107 benefice
982 2068 1030 2106 de
1047 2068 1084 2104 la
1100 2069 1227 2114 treve3
1246 2066 1346 2118 puis,
1365 2079 1431 2103 sur
1446 2078 1523 2103 une
1538 2064 1726 2103 demande
1741 2077 1826 2116 pos·

411 2128 577 2165 terieure
597 2127 649 2165 du
674 2127 748 2165 duc
775 2127 823 2165 de
846 2130 1097 2178 Bourgogne,
1117 2125 1144 2163 il
1170 2125 1333 2163 accorda
1363 2126 1384 2161 a
1411 2138 1455 2162 ce
1478 2123 1631 2161 dernier
1661 2125 1727 2172 (20
1755 2123 1825 2160 de-

411 2185 566 2224 cembre
579 2188 597 2222 1
610 2188 698 2234 475)
710 2185 776 2223 des
789 2186 922 2223 lettres
941 2185 989 2222 de
1009 2185 1184 2235 dispense
1206 2197 1305 2236 pour
1324 2183 1361 2221 13
1377 2182 1592 2221 restitution
1616 2182 1682 2220 des
1699 2182 1827 2233 places

412 2258 488 2295 que
512 2244 567 2282 les
594 2244 889 2296 Bourguignons
911 2244 1138 2294 occupaient
1155 2256 1203 2281 en
1226 2242 1425 2281 Lorraine.
1452 2244 1527 2279 Par
1550 2241 1587 2278 le
1614 2241 1680 2279 fait
1700 2240 1826 2279 c’etait

412 2304 532 2343 livrer
546 2303 583 2341 la
598 2303 798 2351 Lon-mine,
819 2303 914 2341 mais
932 2315 1020 2341 sans
1038 2303 1253 2354 proclamer
1268 2301 1484 2353 cependant
1498 2301 1534 2339 le
1552 2300 1654 2338 droit
1677 2300 1728 2338 du
1748 2299 1823 2338 duc

411 2363 460 2400 de
472 2365 701 2414 Bourgogne
715 2364 737 2399 a
757 2375 806 2400 en
822 2362 988 2401 achever
1005 2362 1044 2400 la
1064 2365 1252 2414 conquete
1272 2365 1318 2411 (V
1319 2362 1378 2400 oir
1394 2361 1448 2399 les
1462 2361 1588 2411 picces
1606 2358 1700 2397 dans
1718 2363 1820 2398 Len-

412 2422 491 2472 glet
507 2422 741 2472 Dufresnoy,
765 2424 984 2471 commines,
1002 2431 1029 2462 t.
1049 2425 1124 2471 111,
1143 2436 1182 2474 p.
1208 2425 1285 2461 419
1304 2430 1342 2460 et
1359 2422 1466 2469 448).
1486 2419 1689 2458 D’ailleurs
1707 2420 1743 2458 le
1762 2421 1822 2459 roi

411 2494 462 2520 ne
476 2494 582 2520 cessa
602 2495 670 2533 pas
690 2481 738 2519 de
761 2482 911 2520 donner
934 2494 984 2519 au
998 2481 1116 2529 jeune
1138 2482 1213 2520 duc
1234 2481 1301 2520 des
1322 2495 1476 2520 secours
1494 2481 1681 2534 d'argent.
1701 2482 1733 2520 11
1753 2495 1779 2532 y
1799 2494 1823 2518 a

412 2553 489 2579 aux
507 2540 682 2578 archives
702 2540 750 2578 de
768 2541 951 2591 l'Empire
971 2544 1118 2589 (carton
1131 2544 1183 2587 K,
1202 2543 1268 2589 72)
1287 2541 1323 2579 le
1339 2541 1494 2579 mandat
1509 2540 1601 2578 d'un
1620 2549 1825 2593 payement

413 2599 461 2638 de
483 2601 560 2637 250
579 2599 607 2636 1.
629 2607 657 2636 t.
689 2599 757 2637 fait
775 2601 797 2637 a
819 2600 926 2637 Rene
947 2599 995 2638 de
1012 2601 1212 2648 Lorraine,
1240 2615 1259 2634 α
1284 2613 1384 2651 pour
1403 2600 1525 2651 partie
1543 2599 1592 2638 de
1615 2602 1663 2638 13
1680 2601 1757 2637 000
1775 2599 1822 2646 1.,

414 2658 550 2696 faisant
567 2658 603 2695 le
622 2655 783 2709 parfaict
804 2657 853 2695 de
871 2660 919 2695 30
934 2660 1011 2697 000
1029 2658 1055 2698 l.
1076 2671 1152 2709 que
1170 2658 1206 2696 le
1224 2670 1296 2708 roy
1314 2658 1369 2695 lui
1388 2671 1411 2696 a
1431 2657 1601 2696 donnees
1618 2658 1744 2696 oultre
1763 2671 1824 2696 ses

412 2717 592 2769 pensions
620 2725 659 2755 et
684 2716 827 2754 aultres
859 2715 1083 2766 bienfaictz,
1113 2730 1214 2767 pour
1242 2717 1309 2768 luy
1335 2716 1457 2755 aidier
1485 2719 1507 2755 a
1536 2726 1740 2769 supportet·
1766 2716 1823 2756 les

412 2791 527 2829 grans
555 2777 714 2828 charges
732 2776 799 2827 qui
828 2775 882 2814 lui
910 2777 1043 2827 pesent
1073 2777 1207 2828 depuis
1231 2790 1284 2814 un
1310 2789 1372 2814 an.
1400 2794 1418 2811 ι)
1439 2777 1526 2816 Ceci
1550 2779 1571 2814 a
1599 2777 1636 2815 la
1661 2777 1748 2814 date
1769 2776 1821 2814 du

415 2840 464 2875 28
485 2838 581 2876 avril
603 2840 720 2877 1477.
