2054 3470
406 350 481 386 350
767 350 1103 388 HISTORIARUM
1131 352 1366 391 LUDOVICI
1393 355 1448 392 XI

404 446 620 484 mentum
634 447 897 484 castrorum
912 438 1226 502 imperialium
1238 442 1528 506 completum
1544 455 1680 505 esset,
1692 445 1808 493 dum

403 513 465 559 ad
478 513 528 560 id
543 530 666 579 opus
686 513 1030 579 perficiendum
1053 532 1248 580 seseque
1266 517 1389 566 fossa
1406 529 1452 566 et
1467 519 1591 567 vallo
1607 521 1810 585 cingen—

402 589 518 644 dum
542 601 589 638 et
617 592 1040 639 communiendum
1065 594 1137 639 sui
1164 594 1410 656 vigilanter
1431 597 1728 659 insisterent,
1752 599 1808 646 il-

401 666 493 715 lico
522 670 811 729 Germanos,
846 670 937 717 tale
970 669 1086 734 quid
1122 671 1316 718 minime
1349 675 1663 738 suspicantes,
1698 692 1809 723 cum

402 744 568 792 decem
598 756 679 793 aut
707 746 962 793 duodecim
989 746 1195 793 millibus
1219 749 1458 812 equitum,
1491 768 1602 798 cum
1628 753 1807 816 ingenti

401 823 584 888 fragore
607 834 653 871 et
674 824 919 871 horrendo
943 825 1122 888 crepitu
1154 828 1531 890 serpentinarum
1561 840 1607 876 et
1629 830 1808 878 machi-

400 917 568 949 narum
593 918 710 966 quas
733 918 894 948 secum
919 901 1198 961 advexerat,
1225 903 1436 966 invasit¹3
1465 923 1492 953 e
1514 906 1687 971 quibus
1707 918 1809 956 stu-

399 994 517 1042 pore
549 979 700 1025 nimio
729 978 1001 1042 perterritos
1033 977 1262 1042 plurimos
1294 981 1466 1029 occidit
1495 993 1542 1030 et
1571 985 1803 1049 protrivit.

398 1055 491 1102 Sed
525 1056 666 1118 longe
701 1055 857 1120 plures
886 1055 991 1101 caesi
1015 1056 1344 1120 peremptique
1368 1074 1424 1104 ex
1449 1059 1561 1123 ipsis
1584 1060 1802 1119 fuissent,
1857 1086 1861 1091 ·

399 1132 489 1179 nisi
516 1132 637 1179 forte
667 1141 939 1197 opportune
982 1134 1320 1196 superveniens
1349 1136 1599 1202 episcopus
1621 1140 1807 1188 Monas-

399 1209 611 1256 teriensis
632 1225 744 1255 cum
779 1218 984 1273 quatuor
1008 1219 1095 1261 ,aut
1130 1211 1342 1275 quinque
1367 1213 1574 1261 millibus
1610 1232 1806 1264 suorum

399 1286 773 1344 Wesffalorum',
800 1296 900 1332 tum
931 1287 1171 1350 equitum,
1199 1297 1299 1334 tum
1327 1290 1544 1354 peditum
1563 1293 1806 1357 expedito-

397 1379 506 1409 rum
521 1398 533 1422 ,
558 1362 832 1410 incendium
865 1362 982 1423 tale,
1013 1379 1074 1409 ne
1098 1363 1283 1427 longius
1306 1377 1599 1430 evagaretur,
1620 1371 1809 1417 restrin-

398 1441 559 1501 xisset,
583 1440 854 1503 caeterisque
881 1449 934 1485 ut
956 1440 1100 1486 armis
1130 1436 1231 1488 sese
1256 1443 1562 1503 instruerent,
1589 1445 1806 1495 hostibus

398 1533 448 1574 se
471 1517 790 1582 opponendo,
817 1517 1023 1581 spatium
1041 1516 1282 1566 effecisset.

462 1594 989 1656 QuaBurgundionum
1019 1595 1216 1643 audacia
1240 1597 1450 1645 deterriti
1475 1599 1734 1665 imperator
1760 1613 1807 1650 et

396 1673 634 1738 principes
653 1673 749 1733 sui,
776 1689 886 1719 cum
906 1683 1102 1737 perante
1121 1673 1180 1720 de
1202 1691 1318 1739 pace
1343 1679 1679 1743 componenda
1704 1697 1807 1728 ver-

396 1750 514 1797 bum
529 1749 694 1796 audire
716 1748 985 1796 nullatenus
1006 1751 1315 1813 sustinerent,
1338 1752 1399 1799 ad
1417 1770 1522 1801 eam
1539 1772 1640 1802 non
1657 1755 1804 1803 modo

396 1826 747 1893 requirentibus
787 1826 1020 1883 dandam,
1052 1829 1136 1875 sed
1163 1828 1224 1875 ad
1254 1829 1378 1876 ultro
1407 1832 1661 1895 petendam
1696 1842 1806 1879 sunt

396 1905 574 1951 inflexi.
593 1904 747 1951 Rediit
768 1905 925 1967 itaque
949 1905 1344 1967 Burgundionum
1360 1905 1455 1953 dux
1470 1907 1723 1955 incolumis
1742 1908 1802 1956 ad

396 1999 481 2029 sua
513 1992 667 2029 castra
688 1982 942 2041 Nussiana‚
973 1999 1077 2046 quae
1097 1992 1255 2030 tamen
1280 2001 1379 2030 non
1402 1986 1504 2032 sine
1527 1985 1660 2033 bono
1687 2004 1805 2052 prae-

395 2059 519 2105 sidio
548 2058 823 2122 reliquerat,
857 2059 1019 2123 paucis
1049 2075 1106 2105 ex
1136 2060 1231 2106 suis
1258 2059 1554 2124 desideratis3
1587 2062 1670 2110 sed
1694 2065 1803 2126 quia

396 2153 492 2183 nox
514 2137 671 2200 ipsum
696 2136 866 2183 ducem
891 2135 1094 2182 reditum
1118 2144 1354 2184 maturare
1379 2139 1689 2203 perurgebat,
1719 2140 1803 2188 ali-

396 2229 515 2277 quas
551 2212 612 2259 de
643 2211 742 2271 his,
775 2228 893 2276 quas
921 2229 1081 2259 secum
1103 2213 1388 2277 adduxerat,
1415 2217 1706 2282 serpentinas
1730 2218 1802 2265 di-

395 2291 573 2337 misisse
595 2289 848 2336 ferebatur.
871 2292 925 2335 Et
946 2290 1165 2337 nonnulli
1179 2292 1410 2355 majorem
1429 2294 1580 2340 multo
1599 2295 1801 2357 stragem

393 2368 604 2414 hostium
637 2384 748 2413 eum
783 2366 1017 2413 facturum
1053 2367 1218 2430 fuisse,
1262 2370 1301 2415 si
1332 2387 1430 2417 non
1473 2370 1666 2417 videndi
1703 2389 1800 2436 quo

394 2445 501 2492 loco
528 2444 846 2510 opportunius
867 2444 1148 2491 irruendum
1183 2445 1231 2491 in
1256 2445 1438 2505 hostes,
1464 2447 1547 2510 qui
1568 2446 1711 2512 longe
1732 2448 1801 2497 la-

394 2532 534 2586 teque
562 2520 760 2585 dispersi
783 2529 947 2581 erant,
975 2537 1125 2584 vapor
1145 2530 1192 2568 et
1214 2521 1372 2569 sumus
1403 2538 1596 2569 suarum
1625 2523 1801 2570 machi-

393 2617 589 2663 narum,
615 2615 732 2664 quas
752 2615 849 2664 prae
867 2600 984 2646 sein
1009 2599 1164 2647 fronte
1184 2600 1354 2647 devehi
1377 2601 1575 2663 fecerat,
1602 2602 1799 2650 faculta-

450 2782 488 2819 1.
518 2782 622 2817 Dans
642 2778 679 2815 la
697 2777 820 2815 vallee
840 2776 888 2814 de
907 2777 1028 2828 l’Erp,
1050 2777 1136 2828 pres
1158 2776 1205 2815 de
1225 2776 1481 2818 Gnadenthal.

446 2844 483 2879 2.
516 2844 573 2879 W
569 2843 799 2879 estvallomm
821 2839 915 2877 dans
931 2840 968 2877 le
984 2852 1052 2878 ms.
