2054 3470
394 365 469 402 398
752 366 1092 404 HISTORIARUM
1120 367 1353 405 LUDOVICI
1381 368 1439 405 xl

392 453 466 500 nis
483 463 632 513 esset,
658 470 822 502 comes
842 453 1093 520 praedictus
1114 454 1175 502 de
1190 455 1357 503 Bclreloe
1379 455 1570 504 abstulit
1596 459 1806 520 Burgun-

391 530 592 578 dionum
623 531 736 579 duci
766 541 972 578 castrum
1003 530 1328 579 firmissimum
1349 533 1410 580 de
1430 533 1804 582 Validis-Monti-

389 607 509 670 bus,
557 608 668 655 dein
709 608 864 655 Sirich
903 625 1048 673 supra
1082 609 1382 671 Mosellam¹,
1428 619 1476 657 et
1513 610 1607 658 alia
1649 620 1803 658 castra

386 685 591 749 plurima
613 686 662 733 in
695 685 1027 748 Lotharingia;
1052 703 1158 750 quae
1171 721 1185 745 ‚
1214 703 1313 734 non
1337 696 1435 736 tam
1455 689 1503 736 vi
1525 705 1800 749 armorum,

387 779 533 826 quam
568 763 839 810 voluntaria
869 762 1115 809 deditione
1135 800 1147 824 ,
1185 780 1286 811 sese
1323 764 1504 812 dabant
1538 775 1586 812 et
1620 782 1650 813 a
1681 765 1805 813 duce

388 840 785 904 Burgundionum
816 840 928 887 satis
950 839 1168 887 ultronea
1194 840 1498 890 deficiebant.
1522 845 1649 890 Bene
1675 843 1804 890 enim

387 916 551 963 Cicero
599 917 647 963 in
694 917 791 964 suis
830 915 1010 963 Officiis
1054 925 1101 962 et
1151 917 1397 964 verissime
1438 918 1653 983 scripsit,
1691 920 1803 983 quia

392 1013 414 1036 «
436 993 571 1042 nulla
594 1002 727 1042 tanta
759 1009 860 1040 esse
890 993 1012 1039 solet
1040 993 1228 1058 imperii
1251 995 1348 1054 vis,
1382 1011 1488 1059 quae
1506 1031 1519 1056 ,
1557 1006 1804 1061 premente

388 1083 517 1120 metu
533 1109 545 1133 ,
571 1074 722 1138 possit
741 1088 841 1119 esse
862 1071 1105 1119 diuturna.
1133 1072 1283 1119 Malus
1311 1073 1441 1119 enim
1475 1083 1544 1120 est
1567 1073 1802 1121 diuturni-

386 1151 494 1197 tatis
528 1160 687 1198 custos
718 1148 936 1215 [metus]‚
980 1159 1244 1212 contraque
1278 1148 1613 1198 benevolentia
1650 1150 1803 1198 fidelis

385 1226 461 1274 vel
482 1227 543 1275 ad
578 1227 946 1293 perpetuitatem
960 1228 989 1272 ².
1015 1245 1038 1270 »
1064 1226 1300 1274 Amabant
1328 1228 1507 1293 quippe
1528 1227 1803 1292 Lotharingi

384 1321 526 1351 suum
550 1304 747 1366 ducem,
774 1314 821 1352 et
850 1321 963 1351 eum
985 1304 1082 1351 suis
1104 1304 1240 1350 terris
1263 1304 1331 1351 sic
1353 1303 1586 1352 violenter
1612 1304 1802 1370 pulsum

387 1391 528 1445 atque
558 1381 763 1445 ejectum
796 1381 1042 1428 dolebant.
1081 1383 1188 1438 Qua
1215 1380 1276 1428 de
1310 1397 1388 1441 re,
1419 1381 1600 1446 absque
1627 1397 1802 1445 magno

387 1459 579 1522 negotio
596 1495 608 1518 ,
643 1458 863 1524 proesatus
891 1475 1052 1506 comes
1077 1458 1282 1523 plurima
1305 1458 1493 1506 castella
1526 1459 1576 1505 in
1597 1457 1802 1505 deditio-

386 1552 498 1583 nem
522 1536 801 1601 recipiebat.
836 1535 908 1583 Ad
933 1536 1067 1600 quod
1091 1536 1232 1582 etiam
1259 1535 1606 1601 perficiendum
1632 1535 1802 1583 confe-

386 1612 547 1675 rebat,
573 1613 707 1678 quod
731 1613 861 1660 nulla
882 1613 1073 1677 penitus
1097 1613 1301 1660 militum
1323 1613 1540 1678 praesidia
1571 1614 1623 1660 in
1651 1614 1802 1679 patria

387 1691 485 1738 dux
520 1691 917 1755 Burgundionum
950 1691 1228 1755 reliquerat3
1263 1691 1347 1738 sed
1385 1691 1566 1757 oppida
1595 1700 1642 1738 et
1670 1707 1802 1738 arces

386 1768 476 1815 sub
510 1768 606 1816 fide
644 1778 691 1816 et
718 1768 936 1816 custodia
973 1769 1048 1816 vel
1079 1767 1387 1833 popularium
1406 1806 1418 1828 ,
1455 1769 1531 1816 vel
1563 1766 1800 1815 nobilium

385 1847 574 1910 patriae,
601 1857 831 1911 tanquam
865 1846 958 1894 sibi
990 1845 1205 1894 fidelium
1223 1881 1236 1902 ‚
1262 1847 1531 1911 juratorum
1558 1863 1614 1893 ac
1635 1862 1800 1894 sacra-

385 1933 548 1970 mento
584 1923 950 1983 devinctorum,
993 1923 1256 1971 dimiserat.
1299 1927 1480 1971 Verum
1515 1939 1654 1982 cum,
1697 1939 1798 1970 non

383 2001 475 2047 nisi
506 2001 643 2048 inviti
675 2011 722 2048 et
759 2002 804 2048 vi
845 2017 900 2047 ac
939 2010 1069 2047 metu
1104 2000 1288 2060 adacti,
1332 2000 1612 2063 hujusmodi
1647 2016 1800 2048 sacra-

384 2087 545 2124 menta
567 2078 786 2125 fecissent
799 2114 812 2138 ‚
840 2077 952 2124 satis
974 2093 1145 2141 parum
1167 2078 1400 2124 momenti
1420 2094 1477 2126 ac
1501 2077 1603 2143 spei
1632 2077 1683 2124 in
1705 2077 1797 2126 fra-

383 2154 463 2217 gili
495 2153 772 2217 hujusmodi
806 2154 1029 2201 cautione
1066 2170 1167 2201 esse
1207 2155 1471 2219 repositum
1509 2155 1799 2203 existimasse

382 2230 632 2278 debuerat.

446 2308 746 2355 Incursiones
791 2316 1018 2372 praeterea
1058 2307 1351 2372 frequentes,
1395 2309 1674 2357 transmisso
1714 2309 1797 2357 flu-

382 2387 512 2434 mine
537 2385 759 2445 Mosellae,
782 2383 912 2433 idem
937 2401 1100 2433 comes
1133 2394 1208 2449 et,
1247 2403 1370 2451 quos
1399 2386 1528 2452 apud
1560 2387 1717 2434 Sit-ich
1747 2387 1797 2435 in

434 2563 452 2599 1
465 2591 474 2601 .
505 2559 667 2600 Molinet
684 2559 751 2597 fait
768 2571 1011 2598 commencer
1027 2559 1083 2598 les
1102 2559 1322 2611 operations
1341 2573 1412 2611 par
1430 2559 1467 2598 la
1485 2560 1589 2612 prise
1608 2560 1656 2599 de
1674 2561 1797 2600 Dieu-

380 2621 512 2660 lewart
530 2628 568 2660 et
584 2632 664 2658 non
690 2619 738 2658 de
759 2618 909 2668 Sierck,
930 2627 967 2656 et
985 2627 1073 2658 tous
1092 2620 1148 2658 les
1168 2619 1430 2672 temoignages
1450 2619 1659 2660 attribuent
1670 2621 1713 2660 le
1730 2635 1797 2661 re-

380 2689 632 2721 couvrement
651 2680 700 2719 de
717 2678 962 2719 Vaudemont
981 2692 1031 2717 au
1049 2678 1185 2718 batard
1208 2679 1256 2718 de
1273 2679 1529 2720 Vaudemont.

433 2744 472 2780 2.
502 2744 623 2780 Toute
649 2748 746 2779 cette
771 2738 926 2777 citation
946 2746 1004 2777 est
1022 2738 1302 2777 horriblement
1330 2738 1525 2792 defiguree
1553 2740 1648 2779 dans
1665 2741 1703 2780 le
1720 2754 1793 2782 ms.

381 2802 462 2840 Elle
486 2814 527 2840 se
547 2810 685 2840 trouve
709 2800 794 2848 deja
823 2812 874 2838 au
904 2799 933 2839 l.
960 2802 1026 2847 IV,
1050 2813 1084 2838 c.
1108 2813 1150 2838 vx
1176 2799 1225 2838 de
1243 2798 1440 2838 l'Histoire
1465 2800 1514 2839 de
1541 2801 1698 2840 Charles
1725 2803 1795 2839 VII

378 2862 422 2909 (t.
447 2863 481 2908 1,
500 2873 541 2912 p.
565 2861 640 2898 ¹77
660 2859 825 2908 et1'18).
