2054 3470
380 357 457 393 3¹8
738 361 1078 399 HISTORIARUM
1111 363 1346 402 LUDOVICI
1373 365 1430 402 XI

377 459 407 489 a
427 442 603 493 finibus
619 446 717 493 suis
737 446 883 511 paulo
914 447 1162 497 distantius
1187 451 1356 499 missus
1379 461 1471 508 est,
1497 453 1559 500 ad
1579 463 1788 501 castrum

377 521 554 570 scilicet
575 525 815 572 Corteraci
834 525 882 572 in
902 525 1166 589 Flandria¹‚
1193 527 1299 590 ubi,
1326 529 1415 575 sub
1439 531 1662 579 carcerali
1684 547 1790 578 cus·

376 598 529 661 todia,
557 617 709 664 usque
739 601 800 648 ad
831 601 1016 649 obitum
1048 603 1264 667 ejusdem
1301 605 1438 653 ducis
1481 607 1785 671 Burgundiae,

376 675 597 725 detentus
617 678 980 743 custoditusque
999 681 1100 728 suit.

840 882 1179 928 CAPITULUM
1213 884 1315 928 Vll.

455 1018 650 1064 Quomodo
665 1017 740 1054 dux
757 1018 970 1066 Burgundiae
984 1018 1154 1055 ducatum
1170 1018 1325 1056 Geldriae
1339 1019 1440 1055 facile
1455 1021 1667 1067 conquisivit
1679 1023 1708 1058 ¹.

439 1144 646 1191 Moriens
677 1152 838 1190 autem
874 1147 976 1207 ejus
1010 1142 1214 1205 genitor,
1246 1142 1346 1205 jam
1379 1141 1464 1189 diu
1502 1153 1611 1190 ante
1649 1161 1790 1192 suum

373 1220 557 1268 obitum
592 1235 679 1285 per
711 1219 883 1266 ducem
916 1217 1198 1281 Burgundiae
1233 1217 1418 1265 solutus
1450 1235 1478 1266 e
1507 1235 1719 1280 carcere,
1744 1230 1790 1268 et

371 1315 466 1346 suae
489 1299 631 1363 plene
661 1297 904 1344 restitutus
934 1295 1168 1355 libertati,
1203 1294 1457 1356 ferebatur,
1484 1295 1583 1343 filio
1606 1313 1694 1343 suo
1724 1297 1789 1345 ob

371 1377 662 1442 impietatem
683 1374 746 1423 ab
764 1375 891 1422 eoin
915 1390 964 1421 se
986 1375 1291 1421 commissam
1306 1374 1622 1436 exhaeredato,
1648 1385 1786 1423 testa·

371 1465 533 1502 mento
552 1454 837 1518 Burgundiae
862 1453 1037 1500 ducem
1061 1453 1316 1500 instituisse
1333 1463 1380 1500 et
1395 1454 1635 1518 scripsisse
1649 1453 1793 1501 haere-

370 1532 534 1592 dem⁸,
561 1542 608 1579 et
643 1531 740 1578 hoc
767 1531 887 1595 juris
921 1530 1059 1577 titulo
1095 1529 1344 1577 suffultum
1386 1539 1527 1595 atque
1572 1531 1790 1578 innixum

370 1609 765 1695 Burgundionum
788 1608 961 1655 ducem
975 1645 988 1667 ‚
1015 1607 1104 1654 sibi
1125 1607 1406 1671 hujusmodi
1428 1608 1658 1656 ducatum
1677 1609 1789 1656 Gel-

369 1686 482 1733 driae
503 1687 749 1751 acquirere
767 1685 1005 1733 voluisse:
1033 1684 1168 1748 quod
1192 1685 1389 1749 quidem
1411 1685 1593 1750 absque
1615 1702 1790 1750 magno

367 1780 449 1811 seu
469 1763 648 1811 difficili
670 1764 860 1827 negotio
883 1761 1122 1810 conficere
1146 1763 1318 1827 potuit.

430 1842 599 1888 Conati
620 1850 732 1887 sunt
760 1840 927 1887 incolae
958 1840 1280 1904 pat1·iae,quae
1308 1839 1498 1905 oppidis
1516 1841 1627 1887 satis
1650 1807 1790 1887 nobi-

365 1914 488 1962 libus
507 1927 552 1963 et
577 1917 771 1963 munitis
794 1916 963 1963 referta
985 1925 1078 1977 est,
1096 1916 1144 1962 in
1165 1915 1377 1962 favorem
1400 1914 1509 1973 filii,
1532 1915 1581 1962 in
1599 1931 1789 1963 carcere

365 1994 384 2051 ζ
397 1993 463 2039 uti
485 1992 720 2056 diximus)
742 1992 943 2050 servati,
966 1990 1217 2038 conatibus
1235 1991 1370 2038 ducis
1389 1990 1784 2054 Burgundionum

323 2059 325 2061 ¹
365 2068 610 2129 obsistere,
635 2070 718 2133 qui
738 2069 827 2116 sibi
848 2078 1044 2132 perante
1064 2068 1246 2114 favores
1267 2077 1434 2114 contra
1457 2084 1597 2114 suum
1615 2085 1787 2133 paren-

363 2156 485 2206 tem,
520 2163 691 2194 eorum
724 2146 899 2192 ducem
936 2161 992 2191 ac
1025 2145 1317 2210 principem,
1360 2144 1690 2209 praestiterant.
1728 2148 1787 2193 Et

363 2225 515 2272 multa
531 2223 726 2288 quidem
755 2223 816 2269 de
850 2222 946 2269 suis
969 2221 1175 2283 viribus,
1201 2231 1246 2269 et
1276 2238 1386 2268 cum
1410 2222 1510 2269 aliis
1533 2223 1786 2270 Novioma-

363 2319 527 2368 genses
557 2301 800 2367 potissime
819 2337 832 2361 ‚
862 2301 911 2346 in
945 2309 1142 2347 ventum
1171 2299 1477 2363 jactitabant,
1516 2299 1668 2348 nihilo
1701 2309 1785 2348 aut

361 2438 665 2478 l'incarceration
687 2437 739 2475 du
760 2436 878 2485 jeune
897 2436 971 2474 duc
990 2436 1039 2475 de
1061 2436 1265 2476 Gueldres.
1292 2437 1406 2475 Selon
1430 2450 1485 2475 un
1512 2437 1699 2476 memoire
1729 2437 1784 2476 du

361 2507 443 2538 xvi·
461 2498 597 2547 siecle,
621 2514 640 2533 α
670 2497 696 2535 il
727 2498 783 2535 fut
801 2498 957 2535 ratteint
975 2510 1018 2535 ez
1039 2497 1162 2535 fossez
1186 2497 1353 2549 d’iceluy
1374 2498 1452 2536 lieu
1470 2497 1520 2536 de
1539 2497 1733 2538 Vilvorde.
1759 2514 1780 2533 ι

360 2559 520 2611 Lenglet
538 2558 774 2608 Dufresnoy,
795 2558 1014 2604 Commines,
1034 2564 1064 2596 t.
1087 2559 1159 2602 111,
1180 2570 1220 2608 p.
1248 2558 1339 2595 295.

410 2621 453 2716 ἒ.
481 2618 860 2728 ghggiiiierilgprime
877 2672 972 2711 dans
984 2672 1261 2722 l'Amplissima
1276 2675 1457 2722 collectio,
1474 2682 1503 2713 t.
1519 2676 1588 2723 IV,
1603 2674 1778 2715 col-766.

412 2739 452 2776 3.
482 2739 536 2775 Le
553 2742 747 2786 transport
775 2746 815 2771 se
835 2733 875 2770 fit
897 2731 1059 2770 d'abord
1086 2734 1107 2770 a
1130 2732 1216 2770 titre
1239 2732 1288 2771 de
1315 2742 1431 2772 vente
1453 2737 1499 2782 (7
1523 2734 1608 2775 dec.
1631 2737 1778 2787 1472„

358 2796 445 2849 puis
458 2796 494 2835 le
513 2795 587 2834 duc
605 2792 782 2833 Arnould
800 2805 848 2830 en
865 2799 1045 2830 mourant
1058 2791 1206 2840 ajouta,
1220 2805 1268 2831 en
1288 2792 1424 2831 favem-
1437 2792 1490 2831 du
1506 2792 1583 2831 duc
1595 2792 1644 2831 de
1660 2796 1781 2832 Bour-

359 2868 502 2908 gogne,
525 2856 579 2893 les
598 2853 718 2892 droits
737 2853 786 2890 de
807 2851 992 2904 legataire
1011 2853 1033 2889 ὲ
1053 2864 1152 2889 ceux
1169 2851 1437 2903 d’acque'reur.
