2054 3470
694 331 839 368 mnan
880 331 1122 377 QUARTUS.
1478 341 1486 348 -
1539 329 1616 365 365

206 422 399 469 tulimus
420 421 561 467 fuisse
588 420 813 466 comitem
829 417 1146 465 Sancti-Pauli
1167 454 1180 477 ,
1214 416 1252 463 si
1283 432 1395 463 eum
1420 415 1510 463 sub
1533 432 1618 463 sua

206 514 352 546 manu
373 497 551 544 habere
571 505 747 562 posset.
783 499 905 543 Eum
923 495 1052 542 enim
1073 495 1172 558 jam
1193 493 1340 557 longo
1364 502 1473 539 ante
1497 502 1618 540 tem-

206 593 325 643 pore
357 574 448 623 sibi
479 574 591 622 satis
625 565 896 638 suspectum
942 582 1084 636 atque
1120 587 1318 618 exosum
1352 569 1615 629 habuerat,

208 653 342 718 quod
363 669 463 700 non
485 651 574 700 sibi
596 667 654 698 ex
673 649 767 698 fide
790 651 1076 697 ministraret
1094 658 1238 714 atque
1253 648 1447 695 serviret
1466 684 1479 708 ,
1506 647 1589 694 sed
1603 685 1616 707 ,

208 729 339 778 velut
366 727 576 794 perfidus
606 728 966 792 praevaricator,
1001 726 1145 773 etiam
1179 742 1235 772 ex
1269 724 1455 772 diversa
1486 733 1621 789 parte

210 806 485 855 consisteret
520 813 567 851 et
597 813 765 851 contra
799 820 848 851 se
885 803 1070 850 occulte
1110 802 1314 867 plurima
1351 801 1615 848 moliretur.

211 887 327 942 Quae
361 882 473 930 odia
510 891 557 929 et
596 881 744 929 malas
775 881 836 929 de
875 899 925 928 se
963 881 1260 947 suspiciones
1297 879 1426 928 idem
1458 896 1621 927 comes

210 977 310 1009 non
339 959 592 1023 ignorans,
628 969 676 1006 et
709 959 770 1006 de
797 975 885 1006 suo
916 975 1055 1022 rege,
1094 957 1160 1005 ob
1182 967 1481 1022 patratorum
1512 973 1539 1004 a
1573 973 1624 1004 se

161 1059 168 1070 ·
211 1038 554 1086 conscientiam
570 1073 583 1097 ‚
611 1035 860 1095 diffidens,
886 1035 1164 1082 multotiens
1186 1051 1214 1082 a
1234 1051 1343 1100 rege
1365 1044 1589 1082 evocatus
1609 1072 1621 1095 ,

212 1115 285 1163 sui
302 1114 601 1181 praesentiam
620 1113 798 1171 facere,
821 1113 962 1160 variis
973 1129 1087 1159 usus
1107 1111 1495 1159 excusationibus
1507 1149 1520 1172 ,
1545 1111 1626 1158 de-

212 1201 461 1252 trectarat,
500 1207 687 1256 semper
721 1191 854 1253 juxta
894 1189 1094 1237 limitem
1127 1198 1362 1236 terrarum
1401 1188 1536 1236 ducis
1578 1205 1627 1236 se

214 1270 468 1317 continens
487 1306 499 1330 ,
527 1269 575 1316 in
601 1268 925 1315 munitissimis
948 1268 1110 1315 castris
1137 1285 1242 1333 quae
1270 1268 1366 1314 illic
1398 1265 1623 1324 habebat.

215 1349 339 1394 Sane
367 1363 476 1393 cum
504 1362 586 1393 rex
608 1345 867 1410 aliquando
897 1356 1128 1410 sperasset
1157 1362 1267 1393 eum
1294 1344 1385 1392 sibi
1414 1344 1628 1392 reconci-

216 1424 331 1472 liare
358 1423 606 1487 fidumque
628 1423 720 1471 sibi
744 1421 930 1471 efficere
947 1461 959 1485 ‚
986 1424 1108 1470 inter
1142 1439 1225 1470 eos
1256 1422 1388 1470 locus
1412 1431 1630 1486 accepta-

218 1511 294 1550 tus
305 1502 649 1566 condictusque
664 1503 852 1562 fuerat¹,
870 1501 932 1548 ad
946 1518 1090 1566 quem
1104 1511 1304 1565 uterque
1316 1500 1626 1559 conveniens,

219 1580 342 1627 inter
372 1597 421 1627 se
453 1596 593 1644 super
627 1579 927 1627 concilianda
949 1579 1154 1626 amicitia
1186 1578 1482 1642 sinistrisque
1519 1577 1633 1624 abo-

220 1656 374 1704 lendis
395 1657 746 1722 suspicionibus
779 1656 1013 1705 haberent
1041 1656 1378 1720 colloquium'.
1405 1654 1499 1701 Sed
1533 1671 1632 1702 non

221 1734 334 1781 alias
354 1734 404 1781 id
427 1734 526 1798 regi
561 1751 772 1781 annuere
802 1734 930 1782 idem
960 1751 1121 1781 comes
1146 1733 1320 1793 voluit,
1354 1733 1447 1779 nisi'
1465 1741 1512 1780 et
1535 1733 1635 1798 ipse

222 1811 283 1858 ad
305 1811 464 1859 locum
483 1847 495 1871 ,
518 1827 656 1876 aequo
675 1829 787 1858 cum
811 1829 919 1875 rege
941 1812 1146 1859 militum
1169 1827 1372 1858 numero
1403 1811 1603 1875 stipatus
1618 1847 1631 1872 ,

223 1889 385 1936 venire
430 1898 590 1954 posset
612 1925 624 1949 ,
675 1899 722 1936 et
766 1890 992 1954 repagula
1031 1907 1116 1937 seu
1153 1889 1305 1936 barrae
1344 1888 1638 1936 intermediae

223 1969 389 2033 positae
413 1969 567 2016 forent
587 2006 598 2027 ‚
635 1986 740 2033 quae
759 2005 771 2029 ,
805 1986 866 2017 ne
887 1969 1000 2016 hinc
1030 1969 1143 2016 inde
1173 1979 1343 2016 contra
1378 1985 1428 2015 se
1460 1968 1639 2016 insilire

226 2055 444 2110 possent,
470 2046 797 2110 prohiberent.
834 2049 922 2094 Cui
955 2047 1118 2094 formae
1149 2057 1195 2094 et
1227 2046 1520 2108 conditioni,
1552 2046 1639 2094 ha-

227 2122 397 2170 hendae
431 2139 542 2170 cum
569 2124 741 2171 eodem
768 2141 856 2172 suo
890 2125 1054 2190 utique
1090 2125 1285 2172 subdito
1323 2140 1378 2172 ac
1412 2124 1641 2171 servitore

230 2199 586 2262 collocutioniS‚
612 2218 723 2248 cum
742 2219 824 2248 rex
847 2203 1180 2262 consensisset,
1201 2203 1314 2249 alias
1336 2202 1535 2249 minime
1555 2201 1642 2249 ha-

230 2275 343 2324 bere
360 2277 522 2324 valens
538 2293 627 2342 pro
646 2288 760 2324 tunc
775 2295 886 2325 cum
906 2280 1009 2343 ipso
1026 2279 1334 2344 colloquendi
1350 2279 1638 2338 facultatem,

232 2353 324 2401 alte
342 2364 501 2401 tamen
520 2354 799 2418 hujusmodi
818 2356 1040 2420 injuriam
1058 2358 1156 2403 suis
1178 2356 1330 2403 infixit
1350 2357 1638 2421 praecordiis.

291 2539 328 2576 1.
357 2541 411 2577 Le
427 2551 518 2577 nom
536 2538 583 2577 de
604 2547 664 2577 cet
681 2538 832 2578 endroit
850 2547 907 2577 est
924 2538 1024 2577 reste
1043 2551 1091 2577 en
1108 2538 1222 2578 blanc
1238 2540 1333 2579 dans
1349 2541 1404 2579 les
1420 2540 1645 2578 manuscrits

237 2605 276 2635 et
304 2596 465 2636 editions
492 2598 541 2636 de
563 2598 602 2636 la
625 2598 848 2649 Chronique
866 2598 1127 2638 scandaleuse.
1162 2601 1214 2639 Ce
1236 2599 1318 2638 doit
1343 2602 1424 2639 etre
1448 2602 1576 2650 Ognes
1595 2612 1648 2636 ou

237 2654 472 2705 Abbecourt‚
505 2656 655 2709 d’apres
684 2658 918 2707 Commines,
941 2657 1008 2709 qui
1038 2657 1076 2696 le
1097 2658 1206 2710 place
1234 2676 1253 2694 α
1286 2661 1307 2697 ὲ
1334 2660 1425 2698 trois
1449 2659 1568 2696 lienes
1598 2657 1647 2695 de

239 2718 392 2767 Noyon,
410 2717 524 2756 tirant
553 2731 640 2756 vers
657 2718 695 2757 la
713 2721 824 2766 Fere,
846 2732 912 2758 sur
935 2732 1011 2758 une
1030 2719 1149 2771 petite
1175 2719 1316 2758 riviere
1335 2720 1393 2768 (le
1413 2732 1459 2756 ru
1480 2717 1528 2755 de
1548 2719 1647 2756 Cau-

242 2779 376 2822 mont).
403 2792 421 2810 n

296 2836 336 2872 2.
366 2837 423 2872 En
445 2834 542 2873 avril
562 2837 680 2875 1474.
