2054 3470
787 333 932 370 LIBER
957 334 1185 381 QUINTUS.
1608 340 1685 378 419

281 416 434 464 linum
449 434 598 482 genus
615 418 738 468 illius
752 421 1087 486 potentissimae
1103 421 1276 470 domus
1293 424 1576 473 exstinctum
1594 436 1681 474 est.

282 497 395 542 Post
416 495 620 563 Philippi
640 507 816 559 autem,
837 499 984 564 patris
1006 500 1096 558 sui,
1121 499 1325 560 obitum,
1347 502 1423 548 vix
1443 503 1580 550 annis
1603 503 1687 551 de-

241 606 245 614 .
281 588 386 620 cem
411 574 682 639 imperavit,
704 585 752 623 et
772 576 890 624 obiit
905 593 1034 624 anno
1051 577 1196 625 aetatis
1222 594 1317 626 suae
1341 579 1526 627 circiter
1551 584 1681 629 xnv'.

282 654 388 698 Non
406 651 656 700 defuerunt
673 663 832 701 tamen
848 671 938 702 nec
955 655 1112 703 adhuc
1128 654 1318 716 desunt,
1335 657 1545 720 quicum
1561 657 1689 705 affir-

281 739 413 776 ment
432 729 590 777 adhuc
611 730 787 790 vivere,
812 732 1007 796 quique,
1033 731 1149 796 quid
1173 732 1318 796 fatue,
1341 742 1520 781 temere
1545 744 1687 799 atque

281 806 571 854 mendaciter
590 809 813 856 asseritur
831 808 891 857 de
911 826 988 871 e0,
1010 808 1236 858 credibile
1253 826 1354 858 esse
1375 810 1670 859 credendum

281 894 374 946 que
398 899 499 931 esse
524 884 832 947 confirment,
859 895 907 933 et
928 896 1117 934 mutuas
1142 888 1368 953 pecunias
1393 888 1530 951 dent,
1563 906 1688 936 mer-

280 972 454 1026 cesque
477 963 658 1010 cariore
679 964 833 1028 pretio
851 964 1060 1012 vendant
1076 965 1379 1029 tradantque,
1404 982 1494 1031 pro
1516 966 1689 1030 quibus

279 1054 370 1085 nec
397 1039 736 1088 exsolvendum
763 1041 823 1088 sit
851 1041 1006 1089 donec
1026 1042 1163 1090 vivus
1189 1052 1431 1108 appareat.
1458 1044 1551 1101 Qui
1575 1060 1689 1108 pro-

282 1114 404 1162 fecto
430 1132 481 1163 se
509 1117 558 1163 in
592 1117 689 1164 hoc
721 1118 889 1166 stultos
918 1129 1061 1183 atque
1092 1119 1246 1167 fatuos
1277 1137 1376 1167 esse
1409 1120 1687 1168 ostendunt.

279 1193 373 1240 Sed
392 1189 493 1241 haec
516 1193 703 1241 fatuitas
723 1193 774 1240 in
794 1194 1012 1260 pluribus
1038 1211 1191 1259 usque
1220 1195 1283 1242 ad
1313 1211 1467 1244 annos
1496 1197 1687 1258 decem,

280 1279 532 1334 postquam
559 1270 766 1332 obierat,
796 1271 1006 1334 duravit,
1035 1281 1082 1320 et
1101 1271 1278 1320 diutius
1299 1272 1457 1342 adhuc
1481 1275 1570 1322 erit
1591 1274 1693 1321 for-

284 1348 418 1395 tassis
440 1347 684 1396 duratura.

741 1581 1082 1628 CAPITULUM
1113 1581 1236 1627 XIV.

308 1715 506 1763 Descriptio
520 1714 653 1757 Caroli,
672 1714 772 1749 ducis
786 1713 998 1762 Burgundiae
1006 1728 1016 1759 ;
1031 1722 1066 1748 et
1081 1712 1181 1760 quod
1194 1715 1305 1750 multo
1322 1714 1515 1750 consultius
1528 1716 1664 1763 egisset,

482 1769 511 1804 si
526 1780 608 1804 cum
622 1780 703 1815 rege
719 1768 936 1803 Francorum
951 1779 1075 1814 pacem
1089 1767 1220 1803 habere
1233 1766 1487 1815 conquisiisset.

346 1892 517 1937 Fuerat
539 1888 690 1935 homo
718 1897 895 1935 statura
919 1886 1195 1947 mediocris,
1223 1886 1332 1934 satis
1354 1886 1512 1934 valido
1540 1897 1588 1935 et
1609 1905 1691 1936 ve-

284 1975 390 2030 geto
410 1983 629 2032 corpore,
654 1982 743 2030 pro
763 1974 950 2012 staturae
969 1981 1063 2011 suae
1083 1963 1331 2028 qualitate3
1353 1963 1530 2011 laboris
1548 1974 1691 2029 atque

283 2043 451 2090 inediae
486 2043 875 2107 patientissimus,
913 2041 1323 2106 quemadmodum
1356 2057 1479 2111 saepe
1496 2035 1562 2089 'in
1596 2044 1691 2091 suis

283 2119 662 2186 expeditionibus
692 2129 740 2167 et
775 2118 1107 2166 obsidionibus
1141 2118 1369 2175 ostendit,
1405 2118 1454 2165 in
1488 2119 1661 2183 quibus
1673 2158 1687 2182 ,

286 2208 338 2245 ut
364 2198 591 2252 diximus,
622 2198 765 2244 etiam
790 2196 1004 2243 hibernis
1033 2195 1277 2243 mensibus
1301 2205 1442 2260 atque
1469 2199 1690 2245 extremis

283 2275 534 2340 frigoribus
563 2274 719 2339 potuit
745 2272 1020 2337 perdurare.
1051 2271 1196 2319 Color
1218 2272 1499 2337 capillorum
1525 2275 1691 2338 capitis

282 2353 432 2416 niger,
455 2361 502 2398 et
522 2351 640 2398 facie
667 2350 777 2396 satis
794 2349 1182 2414 proportionatus
1197 2349 1392 2414 capillis,
1414 2348 1606 2396 trahens
1626 2350 1688 2397 ad

249 2422 254 2432 ’
283 2445 590 2477 communem
606 2426 984 2490 Portugallorum
1003 2425 1230 2485 colorem,
1252 2443 1280 2473 a
1298 2426 1471 2490 quibus
1500 2443 1558 2474 ex
1587 2444 1687 2475 ma-

284 2516 422 2553 terno
446 2521 616 2569 genere
638 2511 840 2551 traxerat
863 2502 1111 2565 originem.

349 2583 454 2628 Fuit
472 2583 545 2628 vir
568 2581 727 2644 magni
750 2589 798 2627 et
819 2578 899 2626 alti
925 2579 1094 2640 animi,
1122 2579 1160 2625 si
1182 2579 1311 2627 illam
1334 2582 1481 2629 animi
1505 2581 1688 2644 magni-

286 2660 500 2707 tudinem
517 2658 762 2705 moderate
780 2665 828 2703 et
845 2655 1124 2720 prudenter,
1145 2673 1258 2704 usus
1274 2659 1492 2718 consilio,
1511 2666 1689 2722 tempe-

339 2815 376 2852 1.
408 2812 440 2850 Ι]
458 2811 596 2850 entrait
614 2810 708 2849 dans
726 2823 767 2849 sa
785 2809 1206 2861 quarante-quatrieme
1226 2809 1362 2848 annee.
