2054 3470
762 383 908 420 LIBER
934 382 1133 421 PRIMUS.
1607 386 1656 421 19

242 470 527 527 habuerant,
554 485 700 535 quam
724 469 927 516 aliorum
947 469 1051 516 sine
1066 485 1273 516 numero
1295 469 1379 533 qui
1402 469 1464 516 ad
1487 470 1656 518 eadem

243 548 548 608 anhelabant,
573 563 678 612 quae
699 562 949 611 nunquam
971 562 1058 612 per
1074 547 1206 612 prius
1227 547 1491 594 tenuissent
1515 542 1671 612 atque*

243 626 536 687 habuissent3
571 634 760 690 quantae
777 641 865 689 pro
888 624 1085 688 hujusce
1109 623 1252 672 rebus
1276 625 1660 690 importunitates

244 703 665 769 prosequentium3
711 711 889 766 quanta
919 702 1048 766 apud
1081 701 1322 759 diversos,
1367 704 1450 766 qui
1481 702 1662 766 aliquid

243 797 382 847 posse
405 780 535 846 apud
558 797 740 828 novum
767 796 928 844 regem
951 779 1343 827 existimabantur
1357 817 1369 840 ,
1396 781 1664 844 patrocinia

242 874 333 924 pro
347 858 471 905 votis
491 856 843 922 consequendis
868 857 1124 921 exquisita3
1152 866 1272 920 quot
1292 873 1518 919 munera,
1545 867 1666 922 quot

243 936 471 1000 pecuniae,
493 945 613 999 quot
630 934 903 999 largitiones
918 943 1098 981 temere
1111 942 1158 981 et
1174 933 1466 981 infructuose
1479 933 1639 981 ell'usae
1649 971 1662 994 ,

242 1013 319 1060 vix
354 1013 452 1062 ulla
485 1012 756 1060 elocutione
785 1011 1077 1059 sufficienter
1106 1011 1289 1059 narrari
1313 1020 1491 1076 posset.
1518 1014 1668 1059 Tanta

244 1092 373 1140 enim
392 1093 724 1139 universorum
743 1107 877 1156 paene
897 1090 1087 1137 animos
1109 1088 1220 1137 talia
1239 1088 1494 1137 obtinendi
1511 1089 1669 1137 officia

244 1168 445 1216 ambitio
487 1167 756 1233 occupabat
799 1177 943 1232 atque
982 1166 1252 1225 detinebat,
1290 1176 1365 1226 ut,
1410 1183 1500 1232 pro
1542 1183 1671 1214 asse-

245 1246 438 1311 quendo
462 1246 594 1310 quod
627 1244 882 1311 optabant,
907 1244 1029 1292 nihil
1052 1245 1243 1310 penitus
1274 1244 1563 1292 intentatum
1587 1261 1670 1292 re-

243 1323 541 1388 linquerent,
587 1323 723 1388 quod
750 1324 817 1371 eis
856 1323 918 1371 ad
953 1322 1246 1388 potiundum
1285 1323 1533 1371 desideriis
1575 1325 1672 1371 suis

246 1401 488 1466 suffragari
501 1417 641 1466 posse
654 1400 1017 1449 arbitrarentur.
1030 1404 1088 1448 Et
1101 1401 1441 1465 quamplurimi
1452 1402 1668 1467 quidem,

247 1488 294 1526 et
311 1487 441 1525 extra
462 1494 608 1541 quam
623 1478 755 1526 credi
779 1478 913 1527 facile
926 1489 1104 1544 posset,
1125 1496 1278 1544 usque
1300 1481 1349 1527 in
1363 1481 1673 1533 Hannoniam

249 1564 296 1603 et
311 1555 571 1602 Brabantiae
591 1555 726 1615 fines,
752 1566 999 1621 comperta
1023 1557 1167 1621 patris
1188 1566 1362 1616 morte,
1382 1558 1540 1605 statim
1559 1576 1674 1624 prae-

248 1641 508 1679 currerant.
532 1632 719 1690 Quibus
741 1649 874 1697 paene
900 1631 1125 1679 omnibus
1148 1650 1246 1680 una
1269 1642 1456 1680 tantum
1477 1651 1674 1700 respon-

248 1708 382 1755 sione
403 1708 690 1756 satisfactum
703 1709 856 1757 fuerat
874 1727 884 1755 ε
905 1708 1123 1756 videlicet
1147 1726 1307 1772 regem
1324 1711 1522 1759 minime
1538 1714 1671 1777 regni

248 1784 404 1832 officia
426 1784 792 1849 dispositurum,
819 1785 983 1849 quoad
1007 1785 1175 1832 urbem
1198 1803 1333 1834 suam
1358 1789 1670 1837 Parisiensem

248 1862 482 1926 ingressus
506 1862 641 1909 foret.
677 1865 877 1927 Propter
902 1862 1035 1925 quod
1060 1862 1286 1910 mirabilis
1316 1864 1378 1911 ad
1405 1865 1557 1930 ipsam
1585 1884 1670 1914 ur-

246 1939 357 1988 bem
393 1939 556 1988 talium
597 1940 965 1989 ambitiosorum
993 1956 1048 1987 ac
1089 1941 1377 2006 cupidorum
1408 1943 1666 1993 multitudo

247 2018 488 2066 confluxit.

315 2097 463 2142 Porro
486 2095 592 2142 licet
616 2094 788 2142 talibus
805 2095 872 2142 eis
894 2094 1174 2142 illuderetur
1197 2097 1454 2161 responsiS‚
1481 2097 1665 2146 nihilo-

249 2172 407 2220 minus
427 2183 608 2231 tamen‚
634 2183 743 2220 ante
760 2173 1023 2237 ingressum
1042 2173 1166 2220 illius
1185 2173 1339 2233 urbis,
1363 2191 1666 2241 quacumque

250 2248 338 2297 iter
353 2249 542 2310 faceret,
569 2250 630 2297 de
652 2249 948 2314 hujusmodi,
974 2250 1219 2314 potissime
1241 2251 1302 2298 de
1324 2253 1667 2318 principaliori-

250 2324 339 2374 bus
358 2343 414 2374 ac
429 2327 739 2392 primioribus
757 2328 890 2391 regni
911 2325 1094 2386 officiis,
1119 2327 1221 2392 ipse
1242 2345 1323 2375 rex
1346 2329 1661 2395 disponebat:

252 2411 435 2450 tantum
457 2404 710 2468 indulgens
728 2405 851 2460 suis,
887 2403 969 2467 qui
992 2404 1035 2450 ei
1058 2404 1105 2450 in
1142 2404 1392 2453 Brabantia
1413 2417 1496 2454 aut
1518 2407 1630 2454 alibi
1650 2446 1662 2468 ‚

254 2477 371 2526 dum
392 2496 420 2527 a
440 2482 648 2545 paternis
668 2480 854 2528 abesset
874 2479 1069 2538 laribus,
1099 2482 1373 2543 servierant,
1402 2493 1453 2530 ut
1469 2519 1481 2541 ‚
1509 2484 1666 2532 donec

255 2554 316 2600 ad
337 2555 596 2604 satietatem
619 2573 770 2620 usque
800 2556 966 2621 repleti
1001 2567 1178 2617 essent,
1208 2557 1327 2604 nihil
1356 2561 1536 2606 caeteris
1564 2577 1668 2608 esse

257 2631 635 2682 distribuendum
649 2644 876 2683 censeret.
895 2637 963 2680 Ex
980 2651 1077 2698 quo
1095 2634 1320 2682 effectum
1333 2647 1403 2684 est
1412 2648 1462 2684 ut
1477 2639 1668 2686 cuidam

258 2707 455 2757 domino
489 2711 550 2758 de
583 2711 943 2760 Monte-Albani
961 2713 1001 2772 ¹,
1042 2712 1339 2777 inexplebilis
1385 2716 1589 2762 avaritiae
1624 2725 1670 2762 et

314 2831 351 2865 1.
381 2831 476 2865 Jean
506 2828 555 2867 de
582 2831 838 2881 Montauban‚
871 2833 1051 2885 seigneur
1082 2833 1221 2871 breton
1251 2834 1318 2884 qui
1343 2835 1484 2886 passait
1513 2848 1613 2886 pour
1637 2835 1673 2873 le

261 2886 465 2924 meurtrier
489 2886 540 2924 du
563 2889 694 2938 prince
711 2890 829 2928 Gilles
849 2891 897 2929 de
917 2895 1120 2943 Bretagne.
