2054 3470
731 365 888 402 INDEX
921 361 1287 401 CAPITULORUM.
1638 360 1715 396 435

1623 453 1715 475 luens

293 489 520 528 ,Camuwn
533 502 594 526 xv.
604 508 654 518 —
662 486 870 535 Quomodo,
882 487 1082 522 interventu
1099 484 1299 533 apostolica
1315 482 1405 519 sedis
1418 481 1537 530 legati,
1553 494 1623 530 pax

352 550 447 586 inter
459 550 708 598 imperatorem
723 556 757 584 et
773 546 903 582 ducem
921 544 1135 594 Burgundiae
1148 545 1241 580 facta
1255 544 1321 579 fuit
1325 568 1615 581 ............
1645 542 1715 576 353

306 642 518 678 Cum-mam
533 654 605 679 xvl.
623 661 670 670 —
684 641 840 686 Qualiter
853 641 967 676 statim
981 649 1063 689 post
1085 639 1159 675 dux
1177 638 1390 687 Burgundiae
1407 640 1504 674 venit
1522 639 1620 674 Cale-

353 701 458 746 sium,
474 701 550 746 ubi,
567 700 691 736 habito
707 700 884 746 colloquio
900 712 981 734 cum
996 699 1180 742 Edoardo,
1200 699 1398 746 Auglorum
1411 711 1507 745 rege,
1524 710 1624 732 soro-

352 760 408 796 rio
430 773 515 804 suo,
543 760 697 795 discessit
719 772 838 795 versus
865 760 1154 807 Lotharingiam;
1177 767 1212 794 et
1234 759 1432 806 Anglorum
1453 771 1516 793 rex
1541 770 1623 806 cum

351 819 504 854 exercitu
527 831 592 854 suo
617 819 713 853 veuit
732 831 842 865 usque
864 819 1058 862 peronam,
1082 818 1145 853 ubi
1163 818 1278 854 statim
1300 831 1382 853 cum
1403 819 1623 852 Francorum

350 890 432 925 rege
447 886 586 926 treugas
602 877 683 913 fecit
692 904 703 922 ‚
721 887 756 912 et
770 877 818 912 ad
838 877 985 925 propria
998 890 1157 914 reversus
1174 886 1224 912 est
1229 901 1615 914 .................
1648 874 1718 909 356

304 966 515 1004 Currum:
534 981 620 1004 xvu.
641 989 685 996 -
704 966 812 1012 Quod
828 968 983 1015 utrisque
1001 968 1142 1016 regibus
1156 976 1191 1003 et
1205 967 1322 1015 regnis
1335 967 1390 1002 hae
1404 975 1534 1014 treugae
1549 966 1622 1001 fue-

350 1036 435 1063 runt
448 1028 570 1071 utiles,
589 1026 651 1062 sed
666 1027 806 1074 utrique
820 1027 975 1075 partium
994 1040 1120 1075 pamm
1141 1027 1296 1062 honestae
1301 1050 1615 1063 ..............
1649 1024 1718 1059 360

305 1122 515 1159 Qrmuu
526 1134 624 1159 xvm.
637 1143 686 1151 —
699 1122 808 1167 Quod
822 1123 980 1158 similiter
995 1122 1067 1157 dux
1085 1120 1299 1169 Burgundiae
1316 1133 1396 1156 cum
1416 1133 1496 1168 rege
1514 1121 1623 1155 Frau-

352 1195 475 1218 corum
494 1191 632 1231 treugas
647 1183 730 1218 fecit
743 1183 960 1219 novennales
964 1205 1614 1218 ............................
1647 1178 1715 1212 363

814 1393 954 1428 mez
976 1391 1198 1437 Qumus
1267 1441 1271 1443 Β

306 1536 516 1572 cunam
538 1547 694 1572 mmmm.
712 1555 759 1564 -
777 1537 831 1571 De
844 1536 1007 1584 turpibus
1023 1545 1057 1571 et
1071 1536 1199 1582 iniquis
1213 1534 1325 1583 pactis
1347 1542 1381 1569 et
1403 1533 1623 1570 conditioni-

352 1597 419 1632 bus
432 1597 477 1631 ab
493 1605 642 1644 utraque
657 1596 825 1644 partium,
841 1597 879 1630 in
895 1595 1101 1643 hujusmodi
1115 1595 1261 1642 treugis,
1277 1594 1376 1630 factis
1390 1602 1423 1629 et
1437 1594 1620 1642 appositis.
1645 1594 1713 1629 267

306 1690 515 1726 Cunnum
530 1702 571 1725 11.
586 1709 632 1717 —
647 1689 804 1733 Qualiter
819 1689 893 1724 dux
907 1689 1119 1736 Burgundiae
1134 1687 1398 1735 Lotharingiam
1415 1687 1516 1722 facile
1532 1699 1619 1722 cou-

352 1750 510 1796 quisivit.
535 1772 1616 1786 ..............................................
1648 1747 1712 1781 371

306 1839 518 1876 Currum!
534 1851 588 1874 111.
608 1859 656 1866 —
669 1839 876 1882 processus,
893 1838 1141 1874 condemnatio
1161 1847 1195 1873 et
1210 1837 1385 1873 exsecutio
1401 1837 1439 1871 in
1458 1836 1622 1872 comitem

353 1898 609 1943 Sancti-Pauli,
626 1898 944 1934 conestabulus-ium
958 1899 986 1933 F
987 1898 1114 1933 ranciae
1121 1922 1616 1934 .....................
1647 1896 1717 1930 375

307 1994 516 2030 nmmum
530 2005 580 2028 ιν.
599 2013 645 2020 -
662 1993 821 2029 Invectio
837 1993 997 2041 quaedam
1014 2002 1135 2030 contra
1148 1993 1330 2031 avaritiam
1345 2001 1379 2028 et
1392 1992 1622 2028 ambitionem

355 2052 602 2099 temporalium
616 2051 796 2087 honorum
800 2077 1614 2090 ...................................
1646 2051 1714 2087 378

309 2144 518 2180 Cmnmm
532 2157 582 2180 ιν.
598 2165 647 2173 -
660 2144 819 2188 Qualiter
835 2145 908 2180 dux
922 2145 1134 2194 Burgundiae
1149 2145 1314 2181 adversus
1328 2146 1501 2181 Suitenses
1518 2158 1622 2194 expe·

355 2203 526 2238 ditionem
548 2202 648 2238 duxit
662 2218 673 2248 ;
691 2212 725 2238 et
748 2203 793 2238 de
810 2204 925 2250 prima
941 2205 1059 2250 clade,
1075 2218 1179 2252 quam
1195 2206 1240 2240 ab
1259 2205 1308 2240 eis
1322 2205 1472 2252 suscepit
1481 2218 1492 2249 ;
1508 2204 1622 2251 quod-

355 2275 423 2309 que
438 2275 500 2298 rex
514 2263 732 2298 Francorum
747 2263 919 2299 abstinere
935 2277 954 2300 a
967 2265 1184 2300 Suitensibus
1199 2265 1232 2300 ei
1251 2264 1437 2300 consilium
1452 2263 1571 2301 dabat.
1581 2291 1590 2299 .
1604 2290 1614 2301 .
1645 2265 1710 2299 381

309 2349 518 2385 curruum
539 2363 587 2385 π.
602 2371 651 2377 -
667 2350 839 2394 Qualiter,
861 2360 977 2398 spreto
993 2352 1082 2399 regis
1103 2353 1269 2398 consilio,
1289 2353 1464 2387 Suitenses
1485 2363 1623 2398 aggres-

356 2421 433 2454 sus,
450 2411 626 2444 castellum
646 2414 755 2444 Mor-at
773 2410 910 2445 obsedit
918 2426 930 2456 ;
948 2412 1010 2446 ubi
1026 2425 1047 2447 a
1061 2412 1278 2448 Suitensibus
1294 2412 1483 2448 debellatus
1498 2420 1532 2446 et
1547 2411 1622 2447 vic-

355 2478 429 2514 tus,
445 2469 597 2505 maxima
618 2470 716 2506 clade
733 2479 909 2518 suscepta,
925 2471 1074 2519 turpiter
1092 2472 1226 2519 aufugit
1231 2496 1615 2508 .................
1647 2469 1716 2504 386

310 2560 518 2596 Camarum
527 2572 589 2595 vn.
603 2561 710 2594 —De
724 2560 824 2607 gestis
838 2573 901 2607 per
911 2573 1029 2607 regem
1042 2560 1208 2595 adversus
1221 2573 1339 2608 regem
1351 2560 1487 2604 Siciliae,
1505 2572 1617 2594 avun-

357 2621 476 2655 culum
494 2633 614 2666 suum,
633 2629 666 2655 et
683 2619 848 2655 adversus
865 2619 991 2655 ducem
1011 2620 1056 2655 de
1071 2624 1231 2655 Nemours
1236 2644 1617 2656 .................
1646 2618 1715 2652 392

310 2710 519 2746 Curi-urum
542 2724 617 2748 vm.
638 2731 687 2739 —-
706 2709 770 2746 Dex
776 2712 878 2758 gestis
893 2725 958 2759 per
976 2712 1137 2747 comitem
1158 2712 1202 2746 de
1222 2712 1336 2745 Bische
1354 2718 1476 2761 contra
1494 2708 1619 2743 ducem

357 2770 569 2818 Burgundiae
582 2797 592 2814 ,
611 2779 644 2805 et
663 2769 708 2805 de
732 2770 849 2806 reditu
864 2770 963 2807 ducis
980 2771 1218 2818 Lotharingiae
1235 2771 1274 2804 in
1288 2778 1416 2805 terram
1435 2781 1546 2803 suam.
1556 2793 1565 2802 .
1580 2793 1589 2802 .
1604 2793 1613 2802 .
1643 2766 1716 2800 396

312 2858 518 2914 Currum
532 2872 584 2894 xx.
602 2879 650 2886 —
665 2859 821 2903 Qualiter
846 2859 942 2895 idem
959 2860 1033 2896 dux
1051 2861 1258 2908 Nanceyum
1272 2858 1508 2906 recuperavit3
1531 2865 1564 2891 et
1578 2855 1623 2891 de
