2054 3470
398 355 478 390 104
766 354 1106 392 HISTORIARUM
1134 354 1369 392 LUDOVICI
1395 356 1452 391 XI

403 442 570 504 etrejus
592 440 759 488 melius
775 452 822 487 et
841 442 999 488 sanius
1014 441 1322 490 informatum
1338 443 1590 490 consilium
1611 445 1815 510 appella·

403 528 537 578 runt;
559 534 628 565 -ac
662 535 747 583 per
775 518 872 565 hoc
908 535 957 565 se
980 529 1208 578 tutantes,
1245 519 1295 566 in
1328 520 1497 567 effectu
1533 520 1651 568 nihil
1690 522 1812 570 ultra

401 607 597 661 perante
617 613 842 644 concessa
866 597 1213 662 dependerunt.

466 674 559 720 Sed
584 691 693 721 cum
725 673 787 721 ad
817 674 990 721 ducem
1013 675 1343 739 hujuscemodi
1368 677 1697 742 appellationis
1726 695 1815 726 no-

399 751 501 798 titia
524 751 830 816 pervenisset,
858 752 959 816 ipse
981 752 1029 798 in
1048 754 1302 800 amentiam
1320 771 1454 818 paene
1474 771 1653 815 versus,
1677 756 1815 804 mira-

398 826 516 874 biles
534 838 838 892 sumpturum
855 845 904 874 se
920 839 1172 893 propterea
1191 831 1421 879 vindictas
1437 832 1732 892 minabatur3
1752 832 1817 879 ita

400 915 450 950 ut
469 905 707 968 scripsisse
731 904 1110 952 Bruxellensibus
1133 906 1367 953 diceretur
1396 907 1464 971 (in
1490 924 1696 971 quorum
1726 926 1814 973 op-

398 980 513 1044 pido
548 980 881 1043 hujuscemodi
918 992 1183 1029 conventus
1216 985 1432 1030 Statuum
1468 985 1630 1048 patriae
1665 985 1816 1033 suerat

397 1056 661 1104 celebratus
673 1057 727 1121 ¹),
745 1058 938 1105 eosdem
953 1059 1222 1123 proditores
1234 1077 1288 1107 ac
1300 1060 1496 1107 rebelles
1509 1061 1812 1125 appellando,

397 1134 530 1197 quod
558 1151 728 1181 eorum
760 1135 904 1181 etiam
937 1137 1114 1183 moenia
1146 1146 1191 1183 et
1220 1134 1380 1202 portas
1414 1137 1637 1201 dejiceret
1672 1149 1815 1203 atque

398 1209 625 1256 dirueret.
659 1213 796 1258 Anno
830 1211 1071 1274 siquidem
1104 1214 1370 1277 superiore,
1395 1231 1507 1261 cum
1537 1214 1601 1261 ad
1635 1214 1816 1263 bellum

398 1288 688 1334 Suitensium
729 1287 1027 1352 profecturus
1065 1301 1210 1350 esset,
1256 1291 1462 1338 Statibus
1503 1291 1734 1339 Flandriae
1771 1303 1818 1340 et

398 1359 598 1412 aliarum
633 1374 895 1425 terrarum,
923 1383 1030 1430 quae
1060 1367 1287 1432 poscebat
1314 1369 1376 1416 ab
1409 1369 1474 1416 eis
1496 1370 1669 1416 auxilia
1701 1386 1817 1435 prae-

397 1452 521 1489 stare
558 1460 655 1489 non
695 1460 835 1508 posse
872 1462 921 1492 se
960 1446 1319 1508 excusantibus,
1361 1447 1517 1512 palam
1555 1448 1737 1496 dixerat
1770 1458 1818 1495 et

397 1520 720 1567 comminatus
757 1531 857 1568 erat
898 1522 948 1568 in
988 1534 1129 1569 antea
1168 1541 1266 1570 non
1300 1525 1692 1589 deprecaturum,
1733 1526 1816 1573 sed

396 1597 732 1661 imperativum
773 1615 874 1645 sese
906 1600 1172 1664 principem
1208 1601 1551 1664 exhibiturum3
1591 1603 1676 1667 qui
1717 1619 1817 1650 non

398 1692 590 1722 necesse
626 1675 827 1723 haberet
862 1676 1166 1723 subditorum
1208 1678 1463 1742 implorare
1504 1695 1722 1727 assensus
1755 1680 1818 1728 ad

398 1752 679 1800 collationes
715 1763 762 1799 et
801 1754 987 1801 servitia
1021 1753 1111 1801 sibi
1145 1755 1382 1814 facienda,
1421 1756 1534 1818 sed,
1574 1773 1663 1821 pro
1698 1768 1817 1804 nutu

399 1847 485 1877 suo
501 1868 513 1889 ,
539 1846 644 1893 quae
673 1841 719 1878 et
743 1831 902 1895 qualia
927 1831 1089 1890 vellet,
1118 1833 1386 1898 imponeret
1416 1844 1558 1898 atque
1581 1836 1813 1898 exigeret3

399 1907 669 1972 oppidanos
706 1917 754 1954 et
783 1907 971 1955 accolas
1006 1908 1196 1955 illarum
1234 1919 1466 1957 terrarum
1508 1911 1819 1960 mutinatores

400 1984 643 2048 appellans
657 2023 669 2045 ,
694 1995 741 2031 et
763 1984 866 2032 aliis
889 1985 1029 2032 variis
1056 1985 1244 2050 probris
1261 1997 1402 2050 atque
1421 1989 1721 2036 contumeliis
1743 1991 1818 2036 in-

401 2063 641 2107 sectatus².
660 2063 768 2118 Qua
789 2078 888 2108 non
913 2061 974 2108 ad
999 2062 1354 2109 conciliandum
1377 2074 1423 2111 et
1447 2063 1508 2111 ad
1529 2064 1817 2114 benevolen-

401 2136 516 2183 tiam
538 2136 825 2183 flectendum
850 2137 1215 2201 provincialium
1237 2140 1423 2187 animos
1438 2178 1449 2199 ,
1469 2140 1553 2187 sed
1576 2142 1638 2189 ad
1656 2142 1819 2191 distra-

402 2212 616 2259 hendum
633 2222 679 2259 et
694 2212 1002 2260 alienandum
1021 2214 1280 2279 plurimum
1295 2216 1513 2265 efficaciae
1526 2217 1813 2267 habuerunt.

404 2289 548 2347 Quod
584 2299 722 2348 tunc,
754 2300 1011 2355 postquam
1043 2292 1226 2340 cladem
1249 2293 1444 2342 infelicis
1477 2313 1646 2361 pugnae
1675 2307 1817 2362 atque

403 2368 522 2432 fugae
552 2367 795 2414 infamiam
821 2369 951 2433 apud
986 2373 1149 2416 Morat
1182 2372 1483 2436 suscepisset,
1525 2373 1817 2422 manifestius

458 2546 495 2583 1.
526 2545 684 2581 Erreur.
703 2543 778 2579 Les
793 2535 897 2579 Etats
916 2540 965 2579 de
982 2544 1085 2580 1476
1102 2542 1230 2580 furent
1248 2551 1358 2581 tenus
1377 2545 1399 2582 a
1418 2545 1529 2583 Gand
1541 2575 1551 2591 ,
1575 2546 1628 2584 du
1646 2548 1697 2585 26
1716 2548 1814 2586 avril

402 2617 452 2641 au
472 2604 521 2640 27
543 2601 633 2640 mai.
654 2604 708 2641 M.
733 2601 911 2639 Gachard
931 2614 953 2639 a
974 2601 1041 2639 fait
1067 2601 1264 2640 connaitre
1286 2603 1390 2640 leurs
1415 2611 1578 2643 travaux
1604 2605 1756 2659 d'apres
1778 2607 1815 2646 la

402 2662 564 2701 relation
583 2661 637 2699 du
665 2660 936 2713 pensionnaire
962 2661 1010 2699 de
1030 2662 1162 2710 Gand,
1191 2663 1288 2701 Gort
1311 2662 1508 2704 Roelants.
1534 2667 1667 2703 'lb-§sor
1686 2676 1815 2704 nano—

402 2725 482 2770 nal,
506 2730 533 2762 t.
553 2723 632 2769 ΠΙ,
656 2734 697 2772 p.
720 2722 811 2760 258.

457 2788 496 2824 2.
526 2788 578 2824 Ce
603 2785 776 2823 discours
796 2785 854 2822 fut
872 2794 963 2823 tenu
984 2786 1018 2823 le
1044 2787 1093 2823 12
1108 2786 1236 2834 juillet
1256 2789 1372 2837 1475,
1394 2787 1536 2826 devant
1557 2789 1612 2828 les
1630 2783 1734 2829 Etats
1754 2803 1816 2829 as-

401 2844 564 2884 sembles
582 2846 606 2882 a
625 2846 785 2896 Bruges.
807 2847 988 2883 L’auteur
1009 2858 1035 2895 y
1054 2846 1204 2884 revient
1221 2846 1399 2899 ci-apres,
1421 2862 1460 2900 p.
1483 2850 1575 2888 423.
