2054 3470
487 344 564 380 244
850 343 1191 383 HISTORIARUM
1218 345 1453 382 LUDOVICI
1481 346 1538 381 XI

485 429 667 478 insidiis
693 439 836 494 atque
865 431 1086 496 periculis
1109 442 1354 497 protegere
1378 441 1426 479 et
1448 431 1702 480 defendere
1731 434 1898 498 digna-

485 517 635 555 retur.

549 588 653 633 Hoc
687 586 847 650 itaque
878 585 1045 646 modo,
1083 604 1181 652 quo
1217 605 1245 635 a
1283 588 1424 635 nobis
1459 588 1657 635 relatum
1694 588 1894 647 exstitit,
1940 578 1946 583 ¹

484 673 678 710 auctore
701 666 993 711 Francorum
1020 681 1152 728 rege,
1178 665 1228 711 in
1263 681 1432 712 necem
1454 665 1736 728 Burgundiae
1763 664 1898 713 ducis

483 740 810 787 machinatum
846 741 1034 807 publice
1069 759 1155 807 per
1194 759 1363 790 omnes
1401 753 1546 790 terras
1581 744 1729 808 ipsius
1764 741 1899 790 ducis

482 817 831 880 divulgabatur.
859 819 952 865 Sed
975 836 1086 866 eum
1108 819 1271 867 divina
1294 830 1573 886 protegente
1596 821 1767 884 gratia,
1793 837 1899 885 quae

479 893 744 959 reprobans
761 894 959 943 consilia
976 896 1265 961 principum,
1287 897 1557 961 frequenter
1574 913 1629 944 ea
1644 898 1692 944 in
1713 898 1897 944 irritum

481 971 693 1032 deducit,
716 981 916 1020 conatus
934 972 1266 1036 hujuscemodi
1285 973 1568 1022 damnabilis
1589 983 1636 1020 et
1658 974 1897 1021 detestan-

479 1049 570 1096 dus
596 1049 820 1096 effectum
850 1066 950 1096 non
979 1049 1163 1097 habuit.
1197 1053 1448 1098 Detectum
1479 1060 1639 1098 autem
1670 1051 1897 1115 hujusce-

480 1125 614 1172 modi
647 1125 746 1173 doli
780 1135 921 1189 atque
955 1126 1236 1174 insidiarum
1265 1136 1592 1174 commentum
1627 1127 1738 1189 fuit,
1776 1127 1893 1174 dum

479 1202 637 1250 adhuc
654 1202 784 1268 apud
803 1219 960 1267 regem
987 1214 1109 1251 esset
1131 1220 1292 1252 comes
1319 1204 1380 1251 de
1407 1203 1666 1263 Warvl'ck‘,
1692 1220 1893 1266 magnus

479 1280 646 1327 talium
669 1296 830 1327 rerum
853 1280 1153 1328 architectus.

953 1562 1294 1608 CAPITULUM
1335 1563 1414 1607 Vl.

477 1711 638 1755 Qualiter
660 1725 779 1748 comes
803 1712 847 1748 de
874 1713 1029 1749 Warvich
1055 1713 1093 1748 in
1118 1713 1283 1761 Angliam
1308 1713 1469 1761 appulit,
1500 1713 1696 1749 Hem-icum
1713 1726 1734 1748 e
1757 1726 1896 1749 carcere

522 1765 559 1799 in
579 1778 698 1813 regem
717 1766 886 1810 restituit3
913 1775 948 1801 et
971 1765 1159 1802 Edoardus
1179 1779 1242 1802 rex
1260 1780 1371 1814 reguo
1388 1767 1534 1802 excessit
1555 1775 1590 1802 et
1610 1766 1648 1801 in
1669 1766 1894 1802 Hollandiam

524 1828 672 1867 trajecit.

539 1961 663 2006 Cum
685 1968 843 2006 autem
864 1959 1007 2006 armis
1024 1959 1232 2022 virisque
1253 1968 1301 2005 et
1321 1958 1619 2019 victualibus,
1645 1957 1893 2006 omnibus-

475 2052 568 2100 que
597 2036 871 2083 necessariis
900 2035 1042 2082 rebus
1077 2036 1305 2082 instructa
1346 2051 1430 2082 sua
1464 2035 1622 2083 classis
1653 2035 1812 2083 fuisset
1841 2035 1890 2082 in

472 2114 630 2161 littore
647 2113 880 2160 inferioris
899 2112 1217 2173 Normanniae,
1240 2112 1456 2175 foretque
1476 2129 1662 2160 reversa
1677 2111 1891 2160 inefficax

473 2191 632 2238 classis
649 2190 784 2237 ducis
802 2189 1100 2254 Burgundiae,
1120 2189 1181 2236 de
1197 2206 1292 2253 qua
1310 2190 1526 2254 superius
1546 2189 1744 2237 fecimus
1762 2207 1892 2238 men-

473 2269 679 2327 tionem,
717 2283 881 2314 mense
915 2266 1139 2327 octobri²,
1175 2266 1410 2313 anchoras
1444 2276 1491 2313 et
1522 2266 1658 2313 funes
1690 2283 1717 2312 e
1747 2275 1891 2331 portu

471 2345 634 2407 solvit,
671 2355 719 2392 et
748 2345 853 2392 vela
882 2344 1079 2403 faciens,
1118 2345 1306 2391 armatis
1335 2344 1478 2391 etiam
1501 2343 1701 2390 navibus
1728 2343 1890 2390 multis

472 2424 741 2484 comitatuS,
762 2437 880 2486 quas
902 2424 1196 2469 Francorum
1214 2437 1295 2468 rex
1320 2421 1382 2469 ad
1400 2437 1513 2468 eum
1532 2421 1744 2468 securius
1774 2437 1887 2468 con-

524 2595 543 2630 1
557 2622 565 2631 .
597 2595 754 2631 Erreur.
777 2592 968 2631 Warwick
990 2592 1093 2631 avait
1111 2591 1227 2630 remis
1246 2592 1269 2628 a
1289 2590 1326 2628 la
1345 2589 1463 2638 voile,
1484 2598 1523 2628 et
1543 2589 1739 2641 debarque
1758 2591 1780 2628 ὲ
1796 2591 1887 2641 Ply-

470 2652 604 2691 mouth
627 2652 664 2691 le
684 2655 735 2691 13
761 2651 977 2703 septembre
996 2653 1115 2690 1470.
1145 2654 1198 2689 Le
1224 2658 1552 2688 commencement
1575 2649 1624 2688 de
1651 2649 1811 2688 l'affaire
1835 2649 1888 2687 du

464 2711 605 2750 batard
628 2711 804 2750 Baudoin
828 2723 878 2749 ne
902 2718 1076 2749 remonte
1102 2722 1169 2761 pas
1194 2709 1281 2760 plus
1303 2709 1397 2747 haut
1421 2722 1498 2760 que
1517 2709 1554 2748 le
1573 2709 1670 2748 mois
1692 2707 1888 2746 d'octobre

469 2770 519 2809 de
536 2771 574 2809 la
592 2772 716 2810 meme
734 2770 872 2810 annee.

523 2835 563 2874 2.
590 2833 770 2886 Corrigez
788 2831 1017 2883 septembris.
