2054 3470
789 377 936 413 LIBER
961 376 1159 414 PRIMUS.
1659 381 1682 416 3

274 465 430 513 rolum
452 465 670 525 nomine,
696 479 849 511 annos
871 473 984 510 tunc
1006 463 1131 510 circa
1152 462 1390 510 sexdecim
1418 473 1636 526 agentem
1651 468 1682 524 ¹,

275 543 466 608 optimae
488 540 660 588 indolis
685 539 944 606 probisque
973 539 1190 588 moribus
1216 540 1452 588 imbutum
1485 550 1532 588 et
1561 541 1686 588 edu-

274 629 449 681 catum,
471 635 612 683 quem
633 628 767 684 pater
789 618 1120 665 charissimum
1144 617 1374 665 habuerat
1392 655 1403 677 ‚
1430 627 1476 664 et
1497 619 1687 666 alterius

275 697 376 759 filii,
401 698 542 762 hujus
565 698 783 745 videlicet
806 697 1053 757 Ludovici,
1080 698 1290 745 irritatus
1312 697 1528 744 moribus
1548 707 1690 762 atque

273 785 526 841 pertaesus,
564 792 676 823 eum
713 776 846 840 regni
878 775 1120 822 haeredem
1150 785 1293 839 atque
1333 792 1658 823 successorem
1677 814 1690 836 ,

275 852 569 900 exhaeredato
587 851 852 912 laidovico,
879 862 931 899 ut
956 852 1080 900 fama
1103 862 1219 914 erat,
1249 852 1402 899 facere
1419 853 1689 916 cogitarat’.

277 929 413 977 Unde
436 929 696 977 formidans
719 930 818 994 ipse
842 929 1111 977 Ludovicus
1133 947 1193 977 ne
1217 946 1438 996 proceres
1459 931 1618 994 regni,
1645 947 1695 977 se

274 1007 476 1072 rejecto,
517 1009 566 1056 in
601 1025 762 1072 regem
790 1007 1047 1056 sublimare
1082 1025 1192 1054 eum
1228 1008 1432 1068 vellent,
1469 1008 1697 1072 cogitavit

275 1085 483 1151 primum
505 1085 613 1134 forti
638 1102 785 1134 manu
807 1096 853 1133 et
875 1103 986 1134 cum
1004 1084 1159 1132 valida
1179 1084 1484 1151 expeditione
1507 1102 1698 1134 necesse

272 1161 451 1211 habere
473 1174 731 1230 paternum
752 1163 937 1228 ingredi
954 1181 1174 1229 regnum.

342 1241 410 1289 Ad
440 1242 573 1307 quod
597 1242 821 1308 praesatus
849 1242 1247 1307 Burgundionum
1270 1241 1366 1289 dux
1384 1280 1396 1304 ,
1440 1243 1523 1308 qui
1562 1244 1697 1291 omni

275 1317 586 1370 humanitatis
608 1330 654 1367 et
677 1319 1004 1372 beneficentiae
1024 1318 1184 1366 officio
1204 1336 1394 1384 semper
1411 1337 1524 1368 eum
1549 1319 1701 1368 suerat

276 1405 580 1461 prosecutus,
611 1396 767 1444 libens
797 1406 844 1444 et
866 1406 1160 1462 spontaneus
1189 1413 1238 1443 se
1262 1413 1318 1443 ac
1344 1397 1491 1444 totius
1513 1397 1701 1462 imperii

278 1484 603 1541 terrarumque
631 1493 826 1524 suarum
854 1477 977 1523 vires
1006 1475 1208 1536 obtulit,
1248 1475 1454 1539 fecitque
1475 1475 1701 1523 mandata

278 1569 364 1617 per
385 1569 551 1601 omnes
574 1563 722 1601 terras
747 1570 870 1612 suas,
899 1562 1133 1617 qnatenus
1158 1562 1258 1599 tota
1279 1552 1504 1600 nobilitas
1526 1553 1701 1601 caeteri·

280 1645 374 1694 que
397 1630 602 1677 universi
623 1631 706 1695 qui
729 1630 778 1677 in
808 1629 1090 1677 militaribus
1116 1629 1501 1694 expeditionibus
1531 1631 1626 1678 suis
1655 1631 1699 1678 ei

280 1706 456 1754 servire
488 1717 865 1767 consueverant,
912 1708 1064 1772 parati
1105 1707 1409 1772 expeditique
1445 1707 1693 1770 adessent,

279 1799 441 1831 secum
476 1786 736 1850 profecturi
771 1785 831 1832 ad
870 1802 1053 1833 novum
1088 1801 1248 1848 regem
1284 1785 1614 1832 inducendum
1646 1787 1695 1833 in

278 1863 411 1926 regni
447 1865 632 1928 paterni
663 1864 1028 1930 possessionem.
1072 1866 1130 1910 Et
1169 1880 1337 1910 omnes
1369 1864 1566 1928 quidem
1601 1863 1697 1912 ala-

278 1941 419 1988 criter
440 1958 490 1988 se
512 1941 807 2007 adparabant
826 1979 837 2000 ‚
875 1951 926 1989 ut
948 1951 994 1989 et
1017 1941 1246 2007 principis
1270 1942 1342 1988 sui
1367 1942 1535 2007 optimi
1555 1958 1694 2007 pare-

278 2028 385 2066 rent
417 2018 624 2087 jussibus
643 2056 655 2080 ,
697 2030 743 2067 et
783 2020 898 2066 novi
938 2019 1060 2083 regis
1101 2020 1299 2082 gratiam
1344 2036 1394 2066 se
1430 2021 1695 2084 promereri

280 2095 611 2158 ostenderent3
650 2106 696 2143 et
718 2097 881 2161 utique
897 2133 910 2156 ‚
943 2097 982 2144 si
1004 2113 1308 2162 progressum
1330 2097 1555 2145 mandata
1571 2135 1584 2158 ‚
1627 2099 1695 2145 uti

281 2185 612 2232 manaverant,
651 2174 960 2235 habuissent,
1002 2185 1188 2239 poterat
1225 2168 1382 2222 statim
1412 2176 1540 2223 idem
1582 2179 1695 2223 Bur-

282 2250 579 2314 gundionum
604 2251 702 2299 dux
738 2247 958 2315 colligere
994 2252 1221 2331 virorum>
1242 2252 1432 2317 triginta
1469 2252 1615 2300 millia
1648 2263 1694 2300 et

283 2327 501 2392 amplius.
1208 2352 1227 2371 ο

337 2520 375 2557 1.
405 2520 456 2557 Ce
476 2520 605 2570 prince
625 2519 715 2557 etait
731 2519 780 2556 ne
800 2519 837 2556 le
857 2521 906 2555 28
927 2516 1131 2555 de'cembre
1148 2519 1265 2555 1446.

338 2576 377 2613 2.
406 2577 534 2625 Cui-ita
554 2577 736 2615 confir-me
754 2591 797 2615 ce
821 2577 890 2615 sait
914 2590 962 2615 en
986 2590 1012 2626 y
1035 2576 1205 2624 ajoutant
1228 2590 1279 2614 un
1304 2576 1613 2629 renseignement
1632 2592 1700 2617 cu-

286 2633 420 2671 rieux:
445 2652 463 2668 ιι
488 2635 531 2673 ΕΙ
547 2648 590 2674 re
606 2635 652 2674 de
668 2636 895 2676 Francia....
918 2633 1084 2688 procuro
1106 2636 1275 2688 privarle
1293 2636 1415 2685 (Luis)
1430 2637 1477 2675 de
1492 2637 1529 2675 la
1548 2651 1699 2676 succes-

286 2691 369 2730 sion
397 2692 458 2731 del
490 2707 628 2745 reyno,
656 2710 683 2746 y
711 2709 786 2747 que
815 2696 938 2734 fuesse
963 2696 1158 2734 coronado
1183 2710 1254 2747 por
1277 2710 1347 2747 rey
1371 2697 1523 2745 Carlos,
1554 2711 1597 2735 su
1620 2697 1699 2745 hijo

286 2750 527 2803 segundO....
554 2765 581 2802 ‘y
608 2752 694 2790 hizo
723 2767 796 2805 por
818 2754 894 2792 ello
923 2754 1014 2793 todo
1043 2769 1088 2794 su
1114 2755 1259 2807 poder3
1280 2769 1374 2807 pero
1393 2769 1446 2794 no
1464 2754 1528 2794 did
1547 2756 1658 2808 lugar
1677 2769 1699 2794 a

286 2808 338 2847 tal
367 2821 456 2847 cosa
483 2809 518 2847 el
544 2810 648 2862 Papa
673 2812 764 2860 Pio,
792 2826 867 2851 con
891 2814 1006 2864 quien
1032 2827 1074 2852 se
1099 2812 1197 2852 tratti
1221 2827 1314 2864 muy
1338 2814 1656 2853 estrechamente.
1680 2833 1695 2848 υ

287 2871 427 2907 Anates
449 2870 496 2905 de
522 2871 559 2906 la
580 2883 713 2907 corona
731 2873 779 2908 de
803 2874 970 2923 Aragon,
994 2873 1021 2910 1.
1043 2876 1174 2920 XVII,
1195 2887 1229 2912 c.
1255 2887 1352 2912 xxu.
