2054 3470
422 289 499 326 240
784 289 1123 326 HISTORIARUM
1151 289 1388 326 LUDOVICI
1415 290 1471 325 XI

422 386 520 423 tam
541 377 589 423 in
615 377 823 423 nummis
844 393 988 440 quam
1018 378 1067 423 in
1092 377 1235 436 vasis,
1263 385 1309 424 et
1329 393 1492 424 secum
1518 377 1823 442 exportandi,

422 452 497 500 vel
519 469 711 514 sensum
746 470 845 501 non
870 453 1109 515 habuerit,
1137 454 1210 501 vel
1234 454 1454 519 spatium.
1496 455 1714 503 Pervenit
1742 471 1826 503 au-

422 539 518 576 tem
539 531 640 595 ipse
663 547 813 595 usque
835 530 897 577 ad
920 548 1079 595 regem
1094 567 1106 590 ‚
1132 547 1157 577 a
1181 548 1278 596 quo
1303 547 1451 596 parvo
1481 532 1590 579 satis
1617 542 1665 579 et
1696 533 1828 580 tenui

423 606 611 654 honore
633 616 879 671 susceptus
903 617 987 654 est.

912 817 1246 862 CAPrrULUM
1289 818 1343 862 V.

424 949 582 993 Qualiter
596 948 843 996 hujuscemodi
859 949 1043 984 molimina
1056 959 1236 996 comperta
1253 950 1387 996 liquido
1409 952 1561 995 fuerunt,
1585 961 1620 987 et
1638 951 1683 987 de
1703 953 1831 999 gratia·

471 1016 551 1038 rum
567 1003 705 1037 actione
721 1012 754 1037 et
778 1004 1094 1050 supplicationibus
1109 1002 1155 1038 ad
1171 1006 1283 1038 Deum
1297 1031 1307 1048 ,
1325 1017 1391 1051 pro
1415 1004 1504 1040 duce
1527 1006 1571 1041 ab
1594 1005 1724 1041 eisdem
1742 1019 1833 1054 prae-

472 1065 623 1099 servato,
638 1069 659 1091 a
676 1055 825 1091 subditis
842 1057 913 1091 suis
928 1058 1069 1104 publice
1084 1057 1215 1103 ubique
1231 1058 1342 1092 factis.

491 1181 761 1225 Donaverat
793 1178 921 1225 enim
953 1177 1043 1224 sibi
1073 1178 1459 1225 vicecomitatum
1486 1178 1547 1225 de
1580 1179 1808 1227 Auribeco
1826 1184 1837 1206 ¹

426 1255 474 1301 in
497 1253 687 1301 ballivia
710 1254 1009 1314 Ebroicensi;
1036 1271 1134 1318 quo
1152 1263 1266 1302 'cum
1289 1255 1429 1319 potiri
1451 1254 1624 1303 debere
1647 1274 1697 1304 se
1717 1256 1837 1304 aesti-

425 1341 622 1391 masset‚
646 1332 693 1377 in
721 1332 1040 1379 nanciscendo
1066 1333 1414 1396 possessionem
1440 1333 1675 1399 repulsam
1704 1350 1841 1382 acce-

426 1409 533 1473 pit2.
555 1412 614 1454 Et
631 1410 669 1455 si
690 1409 806 1473 quid
824 1409 954 1456 aliud
973 1419 1082 1474 post
1099 1409 1236 1457 suerit
1254 1409 1314 1457 ab
1337 1426 1395 1457 eo
1418 1421 1678 1472 assecutus,
1698 1410 1840 1458 nobis

427 1485 624 1531 minime
658 1495 956 1550 compertum
999 1487 1097 1532 est³
1130 1504 1140 1532 ι
1180 1486 1320 1532 miser
1353 1486 1548 1550 quidem
1585 1497 1632 1534 et
1672 1487 1840 1534 merito

427 1562 658 1609 scelerum
681 1579 877 1609 suorum
908 1572 1100 1626 lamque
1124 1563 1342 1610 immanis
1361 1565 1581 1629 concepti
1602 1564 1842 1630 parricidii

427 1640 488 1687 ab
524 1640 748 1687 omnibus
779 1639 1118 1688 exsecrandus!
1155 1643 1307 1698 Quem
1339 1642 1481 1689 etiam
1512 1643 1693 1707 majore
1727 1641 1840 1689 odio

429 1727 476 1765 et
501 1718 822 1765 exsecratione
845 1718 1044 1782 dignum
1069 1718 1335 1766 reddebant
1358 1719 1588 1767 beneficia
1619 1736 1791 1783 magna
1813 1735 1842 1766 a

428 1795 621 1860 praefato
651 1795 851 1842 domino
879 1796 1002 1842 duce
1029 1796 1078 1842 in
1107 1812 1218 1842 eum
1239 1806 1347 1842 ante
1369 1796 1556 1844 collata.
1584 1797 1700 1854 Qui,
1729 1813 1840 1843 cum

431 1874 651 1922 omnium
673 1874 812 1938 inops
832 1884 977 1932 esset,
1001 1883 1049 1920 et
1068 1874 1179 1920 satis
1198 1873 1381 1920 incerto
1399 1885 1445 1920 et
1462 1873 1689 1937 ambiguo
1711 1870 1841 1937 geni*—

483 2011 521 2047 1.
551 2010 606 2046 La
630 2007 794 2045 vicomtc
819 2005 997 2044 d’Orbec.
1023 2008 1151 2044 L’acte
1177 2006 1225 2045 de
1251 2006 1458 2056 donation,
1485 2007 1573 2046 date
1600 2007 1841 2054 d’Amhoise,

429 2067 632 2106 decembre
653 2069 755 2105 1470
767 2095 778 2115 ,
802 2074 859 2104 est
879 2079 956 2104 aux
976 2064 1162 2104 Archives
1181 2066 1229 2104 de
1250 2066 1453 2119 l’Empire,
1477 2070 1632 2106 cartons
1649 2069 1714 2105 des
1731 2070 1840 2114 Rois,

430 2130 489 2175 K,
515 2130 579 2165 71.

486 2188 524 2225 2.
556 2186 587 2223 Il
611 2199 638 2236 y
663 2198 686 2222 a
710 2197 786 2222 une
813 2184 924 2223 lettre
945 2185 993 2223 de
1015 2185 1130 2223 Louis
1148 2187 1227 2235 XI,
1248 2185 1301 2223 du
1322 2189 1344 2225 3
1365 2186 1451 2234 juin
1476 2189 1595 2235 1471,
1614 2186 1682 2238 qui
1698 2186 1844 2239 iume

432 2259 494 2284 ces
516 2244 718 2282 difficultes
736 2257 785 2282 au
805 2257 991 2283 receveur
1009 2244 1163 2296 general
1193 2244 1260 2283 des
1284 2245 1463 2285 finances.
1482 2249 1536 2285 Le
1554 2246 1613 2285 roi
1630 2246 1686 2284 lui
1703 2245 1844 2284 mande

433 2305 528 2343 dans
545 2304 600 2342 les
618 2312 757 2341 termes
781 2302 836 2341 les
857 2303 943 2354 plus
969 2303 1123 2341 formels
1143 2302 1208 2354 d'y
1226 2312 1363 2342 mettre
1382 2304 1457 2352 fin,
1477 2313 1515 2343 et
1533 2304 1582 2343 de
1599 2305 1692 2343 tirer
1715 2305 1752 2343 le
1768 2304 1841 2353 ba-

434 2363 519 2404 tard
537 2364 585 2403 de
605 2367 834 2415 Bourgogne
850 2362 903 2400 du
919 2362 1131 2401 denument
1144 2363 1238 2402 dans
1252 2364 1378 2415 lequel
1398 2364 1425 2402 il
1439 2365 1495 2403 vit
1507 2367 1527 2403 a
1540 2364 1660 2403 Paris.
1682 2364 1841 2415 Duclos‚

434 2437 599 2476 preuves
619 2425 640 2461 a
657 2423 850 2460 l'Histoire
866 2424 914 2459 de
931 2426 1046 2460 Louis
1063 2425 1138 2460 XI.

490 2487 528 2523 3.
559 2484 591 2522 Il
609 2483 700 2521 etait
718 2494 856 2520 encore
875 2495 923 2519 en
938 2484 1082 2520 France
1102 2494 1151 2519 en
1168 2483 1291 2529 14753
1313 2481 1408 2520 mais
1427 2482 1453 2520 il
1473 2494 1513 2521 se
1528 2482 1732 2522 reconcilia
1749 2494 1844 2521 avec

435 2557 503 2583 son
518 2544 618 2582 frere
635 2556 712 2595 peu
727 2542 774 2580 de
793 2550 915 2593 temps
930 2541 1056 2592 apres,
1079 2554 1145 2578 car
1161 2540 1189 2578 il
1206 2540 1404 2580 combattit
1418 2555 1511 2581 avec
1525 2542 1582 2581 lui
1598 2545 1619 2581 a
1636 2543 1671 2581 la
1689 2542 1845 2582 bataille

436 2603 484 2642 de
503 2603 638 2652 manci,
657 2604 709 2640 οὺ
727 2602 752 2639 il
772 2602 830 2639 fut
845 2601 912 2639 fait
926 2600 1158 2652 prisonnier,
1175 2613 1224 2637 au
1239 2601 1480 2653 temoignage
1497 2602 1544 2640 de
1562 2602 1735 2642 Molinet.
1755 2603 1788 2640 Il
1803 2615 1845 2641 se

436 2664 553 2702 retira
583 2662 717 2714 depuis
748 2674 796 2699 en
826 2660 1013 2699 Hollande
1026 2689 1036 2707 ‚
1069 2668 1106 2698 et
1136 2674 1162 2710 y
1193 2659 1325 2698 devint
1356 2661 1520 2700 l'auteur
1551 2662 1667 2701 d'une
1697 2662 1844 2701 maison

436 2724 582 2761 illustre
606 2737 615 2759 t
647 2741 663 2757 «
693 2722 814 2773 Stirps
840 2720 974 2768 Frisii,
1005 2718 1199 2770 Brigdami
1230 2728 1268 2757 et
1298 2721 1510 2760 Somerdiki
1539 2722 1796 2760 dominorum.
1822 2739 1839 2754 ι

438 2783 650 2830 Sanderus,
670 2783 854 2820 Flundria
872 2783 1082 2826 illustrata,
1104 2787 1130 2816 t.
1153 2781 1192 2826 1,
1214 2792 1252 2831 p,
1276 2781 1339 2818 59.
