2054 3470
383 302 406 336 e
749 275 1091 335 msroalAnUM
1118 299 1354 337 mnovm
1388 298 1447 335 Χι

380 387 470 435 sibi
503 387 729 445 amicitias
765 386 1116 450 conquisierat,
1164 403 1262 433 non
1304 386 1483 451 absque
1511 386 1685 451 *capitis
1721 387 1794 434 sui

382 464 762 527 multorumque,
788 464 868 527 qui
893 480 1003 510 eum
1026 473 1269 529 receptare
1291 465 1340 510 in
1364 464 1562 511 diversis
1588 462 1795 511 latibulis

380 542 481 589 ausi
505 541 716 598 fuerunt,
752 540 931 602 ingenti
953 539 1247 598 discrimine,
1275 557 1361 605 per
1382 539 1578 604 aliquod
1610 550 1796 605 tempus

380 619 566 666 delituit
598 617 687 664 sub
722 616 1017 664 dissimulato
1051 617 1240 674 habim,
1283 618 1468 664 diversa
1497 617 1604 664 loca
1628 634 1795 682 perva-

378 705 537 759 gatus;
560 711 673 741 nam
692 710 931 757 nusquam
946 693 1056 740 loco
1071 711 1170 740 uno
1186 694 1270 741 diu
1289 694 1434 742 latere
1453 703 1658 760 poterat,
1681 710 1794 741 cum

383 790 518 840 paene
540 772 715 836 ubique
734 772 1104 837 perquireretur,
1123 781 1168 818 et
1192 789 1303 818 eum
1327 771 1797 837 apprehendentibus

382 851 601 917 praemia,
643 848 1000 914 receptantibus
1035 865 1149 895 vero
1180 859 1227 895 et
1263 849 1524 896 celantibus
1549 865 1660 896 eum
1684 866 1798 914 sup-

380 928 519 995 plicia
569 926 734 973 edictis
791 925 1028 990 regalibus
1085 926 1276 991 publice
1322 927 1569 991 proposita
1622 935 1794 973 essent.

383 1005 556 1064 Quales
580 1021 695 1051 vero
715 1004 865 1051 exitus
889 1004 1089 1068 quisque
1115 1020 1308 1064 eorum,
1333 1014 1588 1068 postquam
1609 1003 1718 1050 talia
1739 1003 1800 1049 de

382 1083 504 1147 regis
527 1081 860 1130 benevolentia
882 1081 1194 1146 percepisset,
1221 1081 1484 1141 invenerit,
1518 1089 1683 1146 postea
1711 1096 1799 1126 suo

384 1160 552 1207 ordine
574 1158 820 1205 referetur.
846 1174 849 1176 ·

449 1241 616 1284 Factus
629 1236 771 1300 igitur
789 1251 1002 1294 securus,
1025 1244 1071 1281 et
1088 1235 1201 1299 quia
1224 1234 1383 1282 nullus
1395 1234 1456 1282 ad
1475 1233 1803 1282 contradicen-

386 1315 501 1362 dum
524 1313 825 1361 coronationi
846 1329 941 1359 suae
964 1312 1156 1359 auderet
1181 1329 1230 1359 se
1253 1313 1483 1376 ingerere,
1507 1321 1553 1358 et
1573 1311 1803 1376 quoniam

389 1392 612 1439 militares
631 1390 781 1454 copiae
798 1383 944 1454 patris
963 1399 1196 1455 promptae
1211 1389 1273 1436 ad
1290 1388 1614 1436 obediendum
1627 1397 1801 1447 essent,

389 1469 566 1516 eisdem
590 1468 727 1514 novis
761 1467 966 1514 ducibus
993 1484 1077 1514 seu
1104 1467 1361 1532 capitaneis
1386 1467 1565 1529 majore
1589 1483 1648 1512 ex
1673 1474 1807 1530 parte

389 1546 654 1593 commissis
674 1581 686 1605 ,
734 1544 795 1591 ad
826 1544 995 1591 urbem
1024 1547 1304 1591 Remensem
1327 1581 1338 1602 ,
1379 1544 1428 1590 in
1463 1558 1558 1607 qua
1588 1542 1650 1589 de
1670 1558 1806 1588 more

389 1626 682 1670 Francorum
707 1638 840 1686 reges
871 1621 1036 1686 inungi
1065 1620 1247 1679 solent,
1274 1620 1560 1684 quantocius
1581 1618 1807 1666 accedere

392 1700 643 1747 festinavit.
1111 1695 1115 1698 ⁴
1742 1740 1745 1744 .

460 1777 530 1823 Ad
547 1794 691 1841 quam
706 1793 764 1823 ex
786 1775 1054 1835 Brabantia,
1071 1774 1197 1822 illius
1210 1773 1402 1821 illustris
1415 1770 1808 1834 Burgundionum

394 1854 529 1901 ducis
565 1854 770 1918 Philippi
811 1853 1060 1917 praesentia
1104 1851 1386 1914 comitisque
1425 1849 1488 1895 de
1533 1847 1805 1902 Chmvlois,

396 1933 496 1995 ejus
519 1930 602 1977 filii
628 1931 783 1991 unici,
820 1930 1095 1992 ingentique
1123 1943 1374 1993 procerum
1409 1935 1550 1990 atque
1574 1923 1808 1971 nobilium

398 2008 616 2055 oninium
650 2018 881 2054 terrarum
920 2022 1114 2070 suarum
1146 2004 1478 2051 honestissima
1509 2001 1810 2049 multitudine

399 2085 613 2149 stipatuS,
641 2100 752 2129 cum
772 2082 1022 2129 transitum
1038 2081 1228 2141 faceret,
1254 2079 1383 2144 apud
1405 2079 1637 2144 oppidum
1662 2081 1811 2125 Aven-

400 2161 721 2219 nis-Comitis‚
762 2160 811 2206 in
845 2158 1153 2217 Hannonia¹,
1181 2158 1325 2221 patris
1347 2157 1591 2221 exsequias
1612 2165 1658 2202 et
1681 2171 1812 2202 sacra

403 2238 578 2284 funeris
611 2237 863 2302 persolvi13
904 2246 1003 2282 tam
1040 2251 1155 2281 vero
1194 2234 1323 2280 tenui
1354 2243 1401 2280 et
1434 2233 1541 2280 exili
1563 2247 1742 2297 pompa
1765 2240 1813 2278 et

402 2316 617 2379 impensa
632 2317 644 2338 ’
668 2323 735 2372 ut,
761 2313 949 2377 qualem
974 2311 1034 2358 ad
1056 2312 1293 2358 viventem
1314 2311 1533 2358 affectum
1551 2308 1810 2369 habuisset,

403 2394 513 2441 satis
535 2409 592 2438 ex
615 2392 710 2438 hoc
733 2392 832 2455 ipse
855 2390 1096 2437 indicavit.
1125 2392 1368 2446 Quantum
1386 2404 1500 2435 vcro
1523 2387 1703 2434 luctum
1725 2403 1813 2452 pro

406 2470 523 2515 tanti
542 2468 749 2514 carentia
765 2467 907 2531 patris
927 2475 974 2512 et
990 2465 1123 2512 obitu
1142 2466 1400 2511 introrsum
1421 2464 1613 2510 duceret
1631 2463 1811 2521 animo,

406 2545 700 2593 dissimulare
728 2560 828 2590 non
856 2543 1041 2608 potuit,
1077 2542 1160 2606 qui
1196 2541 1299 2606 ipso
1331 2540 1663 2604 exsequiarum
1701 2539 1811 2600 die,

466 2677 497 2712 l.
535 2690 551 2706 ει
568 2670 974 2718 Avesnes-le-Comte,
998 2683 1046 2707 en
1066 2668 1246 2707 Hainaut.
1262 2685 1279 2701 ν

459 2733 498 2770 2.
528 2731 782 2783 Exageration
802 2730 894 2767 dont
911 2742 964 2766 on
987 2741 1026 2766 se
1053 2726 1285 2765 convaincra
1312 2739 1360 2763 en
1385 2725 1498 2763 lisant
1528 2725 1565 2763 la
1584 2723 1816 2777 description

406 2805 482 2842 que
501 2793 672 2843 Georges
689 2788 903 2828 Chastelain
927 2801 949 2826 a
967 2786 1120 2825 donnee
1138 2785 1187 2824 de
1205 2793 1302 2823 cette
1320 2784 1549 2823 ceremonie.
