2054 3470
395 317 445 352 82
756 315 1099 354 HISTORIARUM
1125 316 1363 354 LU'DOVICI
1389 318 1446 354 XI

397 402 636 467 fluctuque
653 403 801 467 magis
823 402 999 450 mobile
1013 404 1197 468 vulgus,
1214 404 1297 451 diu
1320 404 1399 452 tali
1422 405 1470 451 in
1494 404 1804 452 exsultatione

398 481 671 545 permansit.
695 481 860 527 Statim
881 481 1010 528 enim
1029 490 1281 545 postquam
1304 482 1552 547 paululum
1573 481 1662 529 sub
1680 483 1802 547 regis

396 557 716 604 constitissent
752 556 955 617 ditione,
990 558 1149 606 onusti
1189 558 1327 604 talliis
1361 567 1407 604 et
1443 557 1632 606 tributis
1661 559 1804 622 longe

394 649 537 697 supra
556 649 701 697 quam
721 641 830 679 ante
851 633 1179 693 assuevissent‚
1205 634 1343 697 quale
1362 643 1481 680 esset
1499 634 1653 697 regale
1681 635 1805 682 sasti-

395 710 526 772 gium
543 709 746 773 juraque
767 709 899 773 regni
921 709 1245 774 experimento
1265 710 1606 775 probaverunt.

835 911 1175 956 CAPITULUM
1208 913 1371 958 XXIV.

395 1044 447 1077 De
471 1043 704 1090 legationibus
729 1042 967 1088 frequentibus
990 1041 1037 1076 ad
1061 1041 1186 1077 ducem
1211 1043 1397 1078 Britanniae
1422 1044 1552 1088 missis,
1577 1054 1611 1080 et
1627 1056 1803 1082 conventu

442 1097 643 1144 principum
659 1096 815 1131 Turonis
831 1097 974 1141 habito;
993 1105 1072 1144 post
1091 1109 1197 1143 quem
1212 1097 1363 1144 perrexit
1384 1110 1445 1132 rex
1462 1098 1508 1133 ad
1524 1098 1683 1134 visendas
1699 1108 1806 1135 terras

445 1162 522 1184 suas
537 1148 720 1195 Picardiae,
736 1158 771 1184 et
785 1149 1001 1197 Burgundiae
1018 1148 1159 1184 ducem.

464 1273 646 1319 Interea
676 1281 832 1318 autem
866 1270 983 1318 dum
1016 1287 1122 1335 quae
1150 1288 1290 1335 supra
1324 1273 1694 1321 memoravimus
1723 1292 1804 1339 ge-

395 1357 628 1407 rerentur,
658 1347 882 1414 manebat
908 1363 1097 1412 semper
1125 1349 1247 1411 regis
1274 1364 1384 1394 cum
1412 1348 1534 1396 duce
1561 1351 1808 1398 Britanniae

394 1425 664 1483 contentio,
693 1424 942 1487 minasque
965 1432 1182 1470 metuens
1202 1424 1324 1487 regis
1346 1425 1447 1488 ipse
1471 1425 1589 1487 dux,
1618 1426 1809 1489 legatio-

395 1518 480 1548 nes
499 1494 738 1548 interdum
760 1500 822 1546 ad
847 1499 1059 1563 Angliam
1083 1498 1316 1558 mittebat,
1342 1517 1557 1564 quaerens
1579 1503 1809 1551 amicitias

394 1596 505 1626 cum
527 1577 768 1639 Edoardo‚
787 1577 1046 1640 Anglorum
1068 1592 1193 1640 rege,
1213 1577 1454 1624 interdum
1472 1579 1612 1626 etiam
1630 1580 1679 1626 in
1700 1581 1810 1628 Hol-

395 1646 629 1715 lamiam,
658 1655 717 1702 ad
741 1655 967 1701 comitem
990 1654 1050 1701 de
1075 1653 1346 1715 Charoloz‘s‚
1372 1654 1435 1701 ad
1460 1656 1808 1704 consolandum

396 1749 506 1779 eum
542 1748 600 1779 eo
629 1732 761 1796 quod
791 1747 817 1777 a
847 1730 1057 1795 paternis
1096 1730 1458 1794 quodammodo
1488 1732 1664 1780 laribus
1696 1735 1808 1781 alie-

397 1821 537 1857 natus
563 1810 830 1856 videbatur.
864 1811 992 1854 Inter
1018 1824 1067 1854 se
1091 1817 1250 1854 autem
1276 1809 1503 1855 amicitias
1527 1820 1573 1856 et
1594 1810 1807 1857 fraterni-

396 1897 542 1934 tatem
570 1903 815 1934 armorum
843 1885 1113 1948 militiaeque
1142 1885 1369 1932 maximas
1395 1887 1809 1952 tenacissimasque

398 1965 620 2013 colebant
652 1975 698 2011 et
721 1963 1039 2011 observabant
1055 1964 1081 2010 ¹.
1107 1965 1237 2020 Quas
1260 1962 1513 2011 dissociare
1535 1982 1590 2011 ac
1611 1965 1809 2013 disrum-

398 2059 511 2107 pere
546 2059 760 2105 quaerens
793 2057 901 2099 rex,
938 2057 996 2087 eo
1036 2039 1168 2103 quod
1202 2040 1298 2086 suis
1334 2042 1600 2106 concupitis
1632 2042 1808 2091 finibus

400 2119 588 2166 obstare
617 2119 875 2184 plurimum
908 2116 1165 2175 videretur,
1198 2117 1338 2163 etiam
1372 2117 1639 2180 frequentes
1666 2120 1809 2167 desti-

456 2259 494 2295 1.
523 2255 555 2294 Il
582 2269 608 2306 y
634 2254 737 2293 avait
762 2254 848 2305 plus
875 2266 950 2304 que
974 2252 1070 2291 cela.
1100 2253 1216 2291 Louis
1243 2256 1322 2301 XI,
1353 2254 1448 2293 dans
1477 2255 1545 2294 des
1566 2256 1810 2297 instructions

403 2316 572 2355 donnees
604 2317 625 2352 a
655 2317 713 2352 Eu
731 2343 741 2361 ,
772 2314 810 2352 le
836 2316 888 2351 25
921 2312 1140 2364 septembre
1172 2315 1296 2359 1463,
1326 2327 1368 2352 se
1392 2314 1512 2366 piaint
1546 2316 1639 2367 qu’il
1662 2330 1686 2368 y
1711 2330 1734 2356 a
1759 2331 1809 2356 eu

405 2395 421 2411 α
439 2374 618 2414 alliances
643 2374 791 2424 prinses
821 2385 907 2410 sans
937 2385 1007 2410 son
1038 2385 1151 2418 sceu,
1184 2380 1316 2410 contre
1340 2372 1407 2425 luy
1432 2381 1469 2411 et
1499 2387 1568 2412 son
1593 2376 1807 2427 royaulme,

401 2435 654 2474 secretement
683 2440 719 2470 et
748 2444 819 2483 par
846 2430 1105 2469 machination
1134 2439 1243 2469 entre
1270 2431 1362 2469 ledit
1390 2431 1465 2470 duc
1488 2442 1525 2471 et
1549 2433 1586 2472 le
1611 2444 1734 2473 comte
1761 2435 1810 2473 de

401 2492 620 2540 Chai-omis,
646 2500 683 2530 et
700 2492 766 2542 qui
792 2490 850 2542 pis
875 2499 931 2528 est
957 2503 1051 2527 avec
1076 2489 1112 2527 le
1137 2503 1207 2541 roy
1232 2499 1270 2528 et
1294 2490 1330 2528 la
1350 2503 1468 2543 royne
1488 2492 1752 2545 d'Angleterre
1773 2502 1811 2532 et

396 2555 455 2592 les
473 2551 643 2603 Anglois.
662 2567 679 2584 »ι
702 2550 734 2587 11
749 2549 876 2597 ajoute
893 2562 970 2600 que
988 2549 1025 2587 le
1040 2548 1114 2587 duc
1130 2548 1178 2587 de
1193 2553 1379 2601 Bretagne
1399 2571 1415 2584 u
1436 2564 1457 2588 a
1475 2551 1543 2589 fait
1557 2552 1639 2591 dire
1655 2567 1726 2605 par
1739 2567 1810 2593 son
1882 2596 1888 2600 ,

399 2624 613 2667 procureur
625 2624 673 2648 en
687 2618 796 2647 court
810 2609 857 2648 de
867 2612 1004 2658 Rome,
1017 2608 1157 2647 devant
1169 2609 1204 2647 le
1217 2609 1313 2647 saint
1324 2612 1420 2648 Pere
1433 2620 1469 2648 et
1483 2611 1518 2649 le
1531 2613 1626 2651 saint
1641 2613 1808 2666 Collega,

398 2673 492 2725 qu’il
517 2674 614 2710 n'est
631 2671 739 2722 point
757 2669 882 2718 subjet
900 2669 952 2707 du
972 2681 1058 2722 roy,
1079 2677 1117 2706 et
1134 2669 1226 2719 qu‘il
1246 2668 1440 2708 bouteroit
1460 2671 1544 2722 plus
1563 2680 1638 2710 tost
1657 2673 1712 2711 les
1727 2677 1811 2712 An-

398 2733 495 2786 glois
519 2745 566 2770 en
588 2744 657 2769 son
680 2742 773 2783 pays
787 2760 797 2777 ‚
825 2741 900 2780 que
922 2727 1035 2766 ceulx
1060 2727 1127 2779 qui
1155 2728 1316 2766 estoient
1337 2729 1543 2768 serviteurs
1567 2739 1605 2769 et
1622 2743 1731 2784 amys
1757 2731 1809 2770 du

400 2807 484 2844 roy.
506 2811 522 2827 ι
543 2795 641 2830 Dom
666 2789 823 2837 Morice,
847 2791 1021 2837 Preuoes,
1043 2796 1069 2827 t.
1090 2789 1162 2836 III,
1183 2801 1224 2839 p.
1249 2790 1315 2828 44.
