2054 3470
397 361 475 397 406
760 362 1099 400 HISTORIARUM
1127 364 1362 401 LUDOVICI
1388 364 1445 401 XI

393 449 514 496 datae
535 447 750 508 fuissent3
778 458 824 495 et
846 449 895 495 in
920 450 987 496 eis
1007 449 1217 515 hospitio
1241 451 1527 516 recipiendis
1550 452 1811 517 plurimum

393 526 551 573 forent
578 525 869 590 fuissentque
894 526 1041 589 longo
1061 527 1162 589 jam
1191 537 1406 593 tempore
1429 531 1812 593 praegravati,‘ut

394 603 455 651 de
485 605 576 652 illis
606 604 795 662 sileam,
834 620 1042 667 quorum
1075 605 1281 653 ecclesiae
1315 617 1361 653 et
1390 606 1611 668 decimae,
1644 619 1812 658 contra

393 699 591 730 omnem
612 683 884 746 aequitatem
907 690 954 728 et
969 682 1198 744 justitiam
1211 719 1223 741 ,
1250 684 1340 731 sub
1357 700 1520 731 annuo
1539 702 1683 732 censu
1703 702 1810 734 vec-

391 760 552 822 tigales
574 759 750 806 effectae
769 767 877 803 sunt
895 795 908 817 ,
930 774 1094 804 earum
1114 760 1328 822 vectigali
1343 762 1392 808 in
1414 761 1513 808 fisci
1532 764 1714 810 ratione
1731 781 1810 811 or-

391 836 575 883 dinaria
596 836 850 898 assignato,
877 834 970 880 Sed
996 844 1041 881 et
1059 835 1189 881 aliud
1213 836 1322 895 fuit,
1348 837 1408 883 de
1426 854 1522 901 quo
1545 855 1642 885 non
1661 840 1810 888 modo

384 914 692 975 ecclesiastici
724 912 835 968 viri,
865 911 947 957 sed
972 921 1018 958 et
1047 928 1215 959 omnes
1240 912 1385 960 ferme
1406 915 1514 961 laici
1539 917 1811 980 gravissime

390 992 533 1038 etiam
559 989 908 1055 querebantur,
935 998 982 1036 et
1006 1005 1203 1052 magnas
1226 990 1367 1052 vulgo
1390 990 1623 1040 faciebant
1642 1011 1810 1058 quere-

391 1069 477 1116 las.
510 1068 719 1115 Dederat
746 1067 876 1113 enim
899 1067 1122 1132 princeps
1143 1066 1298 1130 (quod
1324 1078 1465 1116 antea
1485 1070 1535 1115 in
1564 1071 1698 1118 terris
1722 1072 1811 1120 illis

393 1163 482 1194 nec
506 1155 772 1204 assuetum,
798 1161 888 1191 nec
923 1143 1036 1191 alias
1070 1144 1130 1191 de
1163 1144 1419 1191 hominum
1455 1149 1688 1195 memoria
1715 1148 1811 1197 fac—

391 1234 495 1270 tum
521 1209 662 1269 fuisse
693 1221 1029 1284 affirmabant)
1051 1223 1149 1268 sive
1183 1232 1302 1268 nutu
1329 1238 1418 1268 suo
1436 1259 1448 1281 ,
1475 1224 1596 1282 sive,
1621 1225 1812 1289 pessimi

392 1300 645 1347 hominum
669 1299 852 1362 generis
867 1308 1012 1362 atque
1030 1298 1339 1362 nequissimi,
1362 1315 1560 1347 suorum
1583 1301 1812 1350 adinven-

391 1378 524 1424 tione
547 1386 836 1441 quaestorum
853 1413 865 1435 ,
892 1375 1136 1440 superiore
1167 1391 1296 1422 anno
1317 1376 1542 1424 mandata
1567 1377 1628 1425 ad
1651 1380 1813 1444 exqui-

390 1454 594 1501 rendum
615 1470 702 1519 per
720 1470 888 1500 omnes
909 1463 1058 1500 terras
1081 1469 1188 1499 suas
1203 1490 1215 1513 ,
1237 1468 1343 1515 quae
1364 1453 1596 1514 ecclesiae,
1623 1471 1814 1504 monas-

390 1533 509 1580 teria
531 1549 615 1580 seu
635 1532 859 1595 collegia,
885 1540 968 1578 aut
989 1529 1362 1595 qualescumque
1386 1531 1616 1595 religiosae
1637 1533 1813 1583 domus

391 1621 438 1666 et
462 1611 739 1676 hospitalia,
767 1627 849 1658 seu
875 1610 966 1657 alia
993 1610 1072 1674 pia
1099 1609 1206 1656 loca
1235 1610 1312 1657 vel
1341 1611 1632 1676 quicumque
1664 1613 1814 1661 eccle-

391 1690 565 1736 siastici
589 1690 739 1748 tituli,
763 1688 958 1752 'aliquid
985 1688 1208 1753 praediale
1223 1726 1235 1745 ‚
1261 1689 1337 1736 vel
1357 1705 1556 1737 censum
1587 1708 1669 1739 seu
1687 1692 1813 1740 redi-

390 1777 492 1814 tum
515 1783 753 1828 annuum,
780 1777 862 1814 aut
895 1766 1025 1813 aliud
1051 1765 1300 1830 quodlibet
1331 1768 1594 1831 temporale
1625 1770 1814 1818 noviter

391 1844 772 1908 acquisivissent,
808 1842 942 1908 quod
976 1859 1076 1889 non
1110 1843 1443 1890 amortizatum
1472 1845 1721 1892 exstitisset
1744 1846 1813 1908 (et

390 1920 486 1969 hoc
501 1922 626 1968 circa
648 1938 802 1968 annos
824 1921 1165 1984 quinquaginta
1183 1921 1259 1967 vel
1281 1920 1559 1984 sexaginta),
1581 1920 1644 1968 ad
1667 1921 1812 1969 finem

390 1998 522 2061 quod
554 1998 955 2062 compellerentur
989 2006 1118 2044 extra
1154 2012 1350 2042 manum
1383 2007 1430 2042 et
1463 1998 1812 2061 possessionem

392 2075 598 2122 ecclesiae
640 2074 998 2139 hujuscemodi,
1041 2089 1348 2136 quocumque
1386 2074 1614 2136 acquisita
1645 2075 1807 2138 titulo,

390 2151 488 2197 sive
510 2151 727 2215 priorum
759 2151 1020 2197 donatione
1040 2158 1087 2195 et
1106 2150 1416 2196 concessione
1439 2150 1652 2198 fidelium
1666 2189 1679 2209 ,
1713 2155 1812 2203 sive

392 2226 524 2287 alias,
543 2226 804 2291 deponere,
821 2226 896 2272 vel
909 2226 1285 2272 amortizationis
1300 2228 1608 2275 constitutam
1623 2239 1670 2276 et
1685 2241 1812 2280 taxa·

394 2313 492 2350 tam
512 2303 790 2368 ‘persolvere
813 2303 1027 2368 pecuniae
1061 2304 1390 2368 quantitatem.
1422 2308 1457 2351 F
1458 2316 1729 2371 ueruntque
1749 2310 1812 2357 ad

392 2380 727 2444 hujuscemodi
755 2381 1108 2428 exsecutionem
1133 2380 1469 2428 mandatorum
1499 2385 1811 2434 commissarii

393 2457 630 2522 deputati,
656 2458 782 2523 proh
813 2456 981 2505 dolor!
1010 2457 1154 2504 etiam
1179 2457 1240 2504 de
1262 2457 1578 2506 ecclesiastico
1600 2470 1750 2523 statu;
1783 2480 1811 2511 e

392 2535 594 2599 quihuS,
620 2546 853 2601 tanquam
875 2535 1027 2600 iniqui
1050 2552 1107 2582 ex
1128 2536 1301 2596 lsrael,
1327 2537 1437 2583 satis
1466 2537 1645 2586 inventi
1671 2550 1806 2603 sunt,

391 2616 475 2680 qui
499 2615 672 2663 talibus
703 2615 1016 2680 exsequendis
1047 2615 1221 2679 iniquis
1244 2625 1291 2661 et
1316 2617 1549 2680 sacrilegis
1574 2619 1823 2668 mandatis·
1851 2632 1856 2638 '

390 2703 707 2758 spontaneos,
744 2711 827 2759 spe
860 2692 1134 2759 praedandi,
1172 2708 1272 2739 sese
1316 2693 1568 2755 offerrent,
1603 2698 1808 2762 taliaque

390 2769 581 2818 obirent
612 2787 827 2818 munera.
869 2770 1010 2834 Atqui
1042 2778 1162 2833 quot
1197 2769 1360 2829 dolos,
1399 2782 1517 2836 quot
1549 2773 1808 2841 calumnias

391 2848 725 2913 variarumque
757 2858 1026 2896 commenta
1060 2847 1332 2912 rapinarum
1364 2851 1695 2913 exquisierint,
1725 2854 1807 2916 qui

2042 3138 2054 3180 „¹-r
2047 2859 2054 3129 2„-—..—-n—-.-..—-..
2051 2827 2054 2838 -
