2054 3470
764 317 908 355 LIBER
934 316 1178 363 QUARTUS.
1600 318 1671 356 ³3¹

270 407 339 455 rei
365 422 392 454 a
421 423 470 454 se
499 405 700 454 venditae
734 403 1085 469 possessionem
1115 403 1460 465 deventurum3
1495 416 1543 452 et
1565 406 1678 470 quia

269 484 543 550 hujusmodi
588 483 793 548 pretium
836 481 1047 546 recipere
1086 481 1187 547 ipse
1226 481 1323 529 dux
1360 482 1673 546 Burgunfflae,

269 572 438 611 contra
456 561 611 624 legem
635 558 946 619 venditionis,
972 568 1234 617 recusarat,
1259 575 1310 606 se
1334 559 1678 607 rationabiliter

269 639 331 688 ab
364 655 423 686 eo
454 637 657 685 delicere
678 645 725 683 et
748 635 808 683 ad
839 635 1050 701 priorem
1078 636 1251 684 reverti
1279 635 1533 684 dominum
1556 652 1678 701 prae—

260 715 545 764 tendebant.

333 793 546 851 Qualiter
569 801 729 839 autem
762 799 933 838 cavent
954 789 1118 838 litterae
1140 790 1276 838 dictae
1292 790 1605 850 venditionis»,
1632 801 1680 838 et

267 885 330 917 an
358 868 627 917 redimendi
665 867 956 928 facultatem,
983 868 1137 933 pretio
1172 869 1389 916 restituto
1418 867 1674 928 venditori,

266 956 537 1007 servarent,
570 956 714 1010 atque
743 945 886 991 etiam
921 945 961 992 si
996 946 1202 1011 pretium
1236 946 1393 1011 ipsum
1426 945 1679 994 verbaliter

267 1033 454 1072 tantum
488 1023 564 1071 vel
600 1024 741 1071 etiam
773 1022 978 1084 realiter,
1011 1033 1059 1070 et
1090 1023 1254 1071 debito
1287 1023 1436 1071 modo
1465 1024 1678 1073 oblatum

267 1100 548 1162 fuerit,satis
563 1109 866 1165 compertum
886 1116 985 1146 non
1009 1099 1278 1148 habemus¹.
1297 1102 1496 1149 Constat
1517 1110 1677 1150 tamen

266 1179 402 1242 quod
427 1182 726 1226 Ferretenses
752 1176 841 1224 sub
866 1193 924 1224 eo
947 1177 1109 1226 colore
1138 1178 1454 1226 defectionem
1475 1189 1677 1228 attenta-

268 1264 397 1302 runt.

330 1333 422 1380 Cui
442 1349 555 1380 cum
577 1332 806 1380 obsistere
828 1343 875 1380 et
902 1332 1167 1381 remedium
1189 1333 1327 1394 dare,
1355 1350 1416 1382 ne
1439 1335 1677 1400 proferre-

270 1419 347 1458 tur
365 1412 395 1471 '‚
436 1410 688 1475 praedictus
724 1409 1059 1466 Hmhenbach,
1099 1410 1456 1459 administrator
1484 1414 1645 1477 patriae
1662 1451 1675 1473 ,

270 1497 541 1548 conaretur,
579 1497 743 1552 atque,
782 1487 924 1550 hujus
961 1487 1132 1550 gratia,
1177 1488 1449 1553 praesidium
1491 1489 1679 1537 circiter

270 1565 725 1630 quadringentorum
759 1564 1151 1628 Burgundionum
1181 1566 1230 1612 in
1265 1565 1447 1631 oppido
1474 1565 1535 1613 de
1574 1568 1679 1613 Bri-

269 1645 406 1707 sacq⁸
437 1642 735 1702 collocasset,
770 1641 1183 1706 ducentorumque
1216 1644 1566 1690 Germanorum
1602 1660 1681 1709 pe-

270 1719 424 1767 ditum
455 1719 516 1766 de
546 1719 682 1766 terris
715 1719 806 1766 illis
824 1753 838 1776 ‚
864 1719 991 1766 cives
1022 1719 1145 1765 illius
1166 1719 1287 1777 loci,
1317 1720 1455 1766 veriti
1484 1736 1680 1785 oppres-

269 1796 425 1844 siones
451 1795 705 1860 hujusdem
730 1795 1059 1856 Haclzenbaclz,
1094 1795 1328 1859 adjunctis
1362 1806 1409 1843 et
1442 1797 1681 1844 associatis

268 1890 431 1922 secum
459 1874 706 1921 Germanis
727 1874 810 1937 qui
829 1873 924 1920 illic
948 1873 997 1919 in
1023 1873 1242 1938 praesidio
1273 1883 1433 1932 erant,
1466 1877 1679 1938 Burgun-

269 1951 436 1999 diones
450 1968 504 1998 ex
526 1950 708 2016 oppido
731 1950 970 2014 ejecerunt
987 1959 1033 1996 et
1050 1950 1206 2015 ipsum
1227 1949 1536 1998 Hachenbaclz
1551 1969 1680 1999 com·

270 2028 559 2093 prehensum
581 2028 630 2075 in
655 2044 891 2075 carcerem
913 2027 1235 2074 detruserunt.
1259 2027 1404 2084 Quod
1428 2027 1476 2074 in
1499 2027 1680 2075 hebdo-

269 2105 411 2153 mada
435 2115 615 2166 sancta,
642 2105 713 2152 vel
738 2105 854 2152 feria
876 2104 1061 2168 quinta,
1079 2103 1152 2151 vel
1172 2113 1316 2166 sexta,
1335 2114 1519 2168 gestum
1539 2105 1679 2152 fuisse

270 2182 548 2231 ferebatur-⁴.

324 2339 342 2374 1
354 2365 363 2374 .
385 2338 436 2376 Ce
450 2334 582 2374 n'etait
596 2347 645 2373 en
659 2333 790 2373 realite
806 2333 927 2385 qu’un
943 2344 1210 2386 engagement,
1223 2349 1273 2375 au
1288 2338 1374 2388 prix
1391 2338 1440 2377 de
1453 2339 1504 2377 80
1515 2340 1592 2377 000
1610 2338 1682 2376 flo-

272 2396 367 2445 rins,
386 2395 697 2435 non-seulement
726 2394 779 2432 du
798 2394 923 2432 comte
951 2394 999 2431 de
1024 2396 1189 2446 Ferette‚
1210 2396 1305 2434 mais
1336 2396 1384 2435 de
1410 2405 1492 2435 tout
1516 2397 1552 2435 le
1572 2396 1682 2434 land-

272 2456 421 2508 graviat
438 2455 487 2494 de
507 2456 690 2507 Brisgau3
716 2463 753 2493 et
773 2455 810 2492 le
830 2454 905 2492 duc
923 2453 971 2492 de
988 2457 1217 2506 Bourgogne
1234 2469 1284 2494 ne
1302 2457 1429 2495 refusa
1457 2457 1543 2508 plus
1561 2457 1682 2495 d'etre

272 2513 511 2562 rembourse,
531 2514 662 2565 quand
677 2515 704 2552 il
718 2507 786 2553 ⁴vit
803 2514 897 2565 qu’il
917 2513 1020 2552 avait
1036 2514 1160 2565 perdu
1176 2515 1213 2554 le
1233 2529 1340 2568 pays.
1363 2517 1587 2569 Schoepflin,
1604 2519 1679 2553 Al-

273 2574 372 2612 satia
388 2577 591 2622 illustrata,
611 2582 638 2613 t.
658 2577 711 2622 11,
726 2588 767 2625 p.
787 2575 854 2612 22.

325 2633 364 2669 2.
403 2634 646 2682 Prosit-eretur
663 2634 757 2672 dans
775 2634 811 2672 le
828 2647 896 2672 ms.
972 2643 974 2646 '

328 2693 366 2786 Ξ.
398 2690 553 2739 Brisach
569 2722 579 2739 ,
598 2692 759 2744 capitale
781 2692 834 2730 du
851 2692 1033 2743 Brisgau,
1054 2691 1299 2740 aujourd‘hui
1319 2692 1414 2730 dans
1432 2693 1468 2730 le
1489 2691 1613 2729 duche
1632 2691 1679 2728 de

275 2752 326 2788 Ba
354 2762 390 2787 e.

330 2809 366 2846 4.
398 2811 451 2845 Le
479 2810 501 2845 7
523 2820 573 2845 ou
593 2809 616 2844 8
636 2808 734 2846 avril
753 2811 870 2847 uu.
