2054 3470
757 341 905 378 LIBER
941 339 1213 379 SECUNDUS.
1617 341 1636 377 1
1646 341 1689 378 71

285 437 414 475 certa
435 426 584 477 affixis
614 434 662 476 et
688 425 1025 490 pendentibus,
1049 426 1175 489 cingi
1196 434 1419 490 poterant
1441 435 1589 473 castra
1611 426 1696 474 ha-

286 504 446 552 bentia
477 505 526 553 in
551 502 737 551 ambitu
767 503 973 567 spatium
999 503 1208 551 duorum
1238 502 1386 550 ferme
1422 501 1696 550 milliarium

287 582 525 629 italorum.
544 580 847 644 Serpentinas
862 581 1007 627 etiam
1031 590 1079 628 et
1100 579 1272 628 similes
1297 579 1544 626 machinas
1565 573 1694 639 belli,

288 675 400 707 cum
416 657 530 705 fusis
548 673 607 704 ex
622 657 746 705 ferro
771 656 1008 722 lapidibus
1020 659 1049 718 ¹,
1077 657 1190 705 cudi
1210 667 1259 704 et
1277 656 1380 704 fieri
1401 673 1534 722 paene
1555 657 1696 704 innu-

290 750 443 786 meras
463 733 678 782 faciebat.

351 815 468 871 Quae
484 828 596 859 cum
613 811 1007 874 Burgundionum
1021 811 1159 876 legati
1177 812 1496 874 agnovissent,
1521 821 1569 859 et
1588 811 1696 858 loco

289 888 475 940 foederis
491 889 751 952 conjugalis
769 889 967 936 ineundi
981 888 1096 953 (pro
1118 905 1214 953 qua
1230 906 1281 936 re
1299 905 1411 936 cum
1433 887 1698 936 indubitata

288 983 421 1032 paene
440 983 523 1032 spe
545 967 675 1014 missi
697 966 904 1030 fuerant)
919 983 1018 1014 non
1038 954 1167 1014 aliud
1190 983 1335 1031 quam
1359 966 1536 1031 probra
1558 976 1700 1030 atque

289 1044 442 1093 minas
480 1052 780 1108 terroresque
823 1061 1066 1092 armorum
1103 1045 1425 1106 invenissent,
1468 1061 1580 1091 cum
1620 1043 1700 1092 tali

288 1121 586 1186 expeditione
610 1121 672 1168 ad
702 1123 898 1186 propria
929 1122 1195 1179 redimunt,
1226 1131 1273 1169 et
1299 1122 1588 1181 Dinantum,
1620 1121 1702 1168 ubi

287 1207 425 1247 erant
438 1198 487 1245 in
502 1198 758 1246 obsidione
769 1199 1006 1264 principes
1019 1199 1239 1259 illustres,
1264 1198 1523 1263 Philippus,
1545 1208 1698 1263 pater,

290 1285 337 1324 et
353 1277 454 1339 ejus
473 1275 613 1334 filius,
634 1292 663 1325 a
678 1293 777 1341 quo
798 1278 928 1324 missi
951 1277 1154 1338 fuerant,
1176 1278 1437 1333 venientes,
1464 1293 1569 1341 quae
1590 1277 1703 1340 egis-

290 1362 417 1413 sent,
443 1353 699 1401 audiissent
722 1363 865 1418 atque
888 1353 1115 1402 vidissent
1144 1354 1424 1402 retulerunt.

358 1433 615 1494 Postquam
637 1441 795 1478 autem
809 1467 822 1489 ,
848 1432 909 1478 ad
932 1432 1098 1497 oppidi
1121 1432 1546 1496 expugnationem,
1571 1430 1703 1478 bom-

293 1507 452 1556 bardae
473 1525 558 1556 seu
582 1509 794 1573 petrariae
820 1509 1023 1556 admotae
1053 1519 1188 1569 sunt,
1219 1510 1343 1556 infra
1369 1509 1528 1557 minus
1558 1526 1703 1573 quam

294 1583 481 1635 dierum
507 1594 619 1632 octo
644 1585 932 1633 curriculum
961 1587 1110 1651 ruptis
1136 1585 1346 1633 turribus
1372 1595 1420 1632 et
1443 1585 1701 1646 moenibus,

295 1660 529 1726 oppidum
554 1671 875 1727 expugnatum
896 1664 1004 1710 est².
1032 1662 1176 1720 Quod
1201 1678 1313 1710 cum
1338 1663 1531 1722 milites,
1557 1662 1706 1710 insul-

295 1747 399 1786 tum
425 1737 670 1799 facientes,
699 1740 746 1789 vi
774 1739 1153 1803 ingrederentur,
1183 1756 1283 1787 sese
1307 1739 1556 1789 tradidisse
1579 1740 1707 1788 cives

293 1814 359 1866 ad
393 1814 687 1865 voluntatem
716 1817 987 1881 principum
1017 1817 1289 1864 ferebantur
1345 1817 1481 1865 Unde
1512 1818 1626 1864 ‘neci
1656 1818 1705 1864 in

295 1891 400 1956 ipso
432 1893 648 1955 ingressu
681 1894 916 1958 parcitum
939 1903 1034 1952 est,
1070 1910 1197 1957 quae,
1225 1895 1395 1959 procul
1417 1894 1589 1955 dubio,
1618 1896 1707 1943 im-

296 1968 448 2020 manis
465 1968 627 2020 fuisset
644 1985 700 2018 ac
722 1971 948 2035 plurima,
973 1972 1062 2021 nisi
1083 1971 1202 2035 facta
1223 1972 1313 2032 sic,
1340 1972 1556 2035 quamvis
1574 1988 1704 2034 sero,

296 2044 604 2110 mcaesisset
626 2046 825 2095 deditio.
851 2048 946 2096 Sed
970 2049 1222 2114 oppidum,
1247 2049 1381 2114 quod
1407 2049 1710 2114 opulentissi-

297 2138 431 2178 mum
455 2134 556 2175 erat
584 2134 632 2171 et
657 2123 723 2173 ob
746 2125 797 2172 id
831 2125 1153 2175 firmissimum
1188 2127 1424 2176 ferebatur
1448 2127 1523 2192 (et
1548 2144 1711 2176 revera

298 2200 366 2251 sio
405 2201 555 2264 erat),
591 2210 639 2249 et
670 2212 868 2267 propter
895 2202 991 2253 hoc
1024 2204 1328 2269 locupletum,
1359 2205 1504 2253 totius
1547 2206 1710 2270 patriae

299 2291 585 2341 suarumque
619 2294 768 2342 opum
801 2289 942 2343 atque
967 2279 1239 2328 divitiarum
1266 2287 1526 2329 commune
1548 2282 1707 2346 profu-

299 2353 454 2416 gium,
483 2355 530 2401 in
558 2354 879 2420 direptionem
906 2367 952 2404 et
975 2358 1186 2422 praedam
1209 2359 1434 2406 militibus
1455 2361 1609 2407 cessit.
1637 2360 1710 2406 si-

302 2430 474 2478 militer
502 2442 548 2479 et
578 2432 689 2492 viri,
725 2443 870 2497 prout
902 2436 1103 2499 quisque
1147 2436 1209 2483 ad
1244 2453 1442 2484 manum
1472 2438 1710 2484 victorum

301 2507 535 2568 veniebat,
555 2508 930 2583 [addicebantur]
943 2514 1244 2584 captivi-tati&
1273 2531 1334 2561 ne
1358 2524 1518 2562 autem
1541 2516 1591 2562 in
1614 2533 1712 2562 mu-

299 2582 436 2631 lieres
466 2585 671 2634 ludibria
704 2598 748 2635 et
794 2589 1125 2636 obscoenitates
1160 2589 1544 2651 admitterentur,
1579 2592 1710 2656 prin-

360 2708 377 2743 1
389 2738 397 2745 .
428 2707 686 2749 C'est-a-dire
705 2710 773 2751 des
788 2712 938 2752 boulets
955 2714 1004 2752 de
1026 2715 1142 2754 fonte.

359 2768 398 2806 Ξ.
427 2770 480 2805 Le
498 2769 549 2805 28
569 2770 659 2807 nolit
676 2772 794 2810 1466.

361 2827 397 2863 3.
429 2828 483 2863 Le
502 2835 627 2864 comte
654 2828 702 2866 de
726 2829 923 2868 Charolais
947 2848 962 2864 κ
979 2831 1047 2869 seit
1064 2832 1231 2870 chascun
1254 2833 1363 2884 loger
1381 2845 1451 2883 par
1478 2831 1709 2869 fourrier....
