2054 3470
6 1734 26 1785 „a
14 1720 19 1724 ⁴
13 1708 17 1711 ,
5 1568 38 1700 weng-p„

726 361 870 396 LIBER
896 362 1115 399 TERTIUS.
1550 361 1628 398 277

282 450 418 495 Passa
451 458 520 495 est
553 457 600 494 et
626 463 711 494 sua
739 445 1040 509 Burgundia,
1077 447 1158 494 illa
1186 447 1490 511 expeditione
1525 451 1631 494 Am-

214 524 453 573 bianensis
483 523 745 571 obsidionis
776 523 1007 586 durante,
1041 525 1247 590 plurima
1275 525 1451 571 damna
1474 525 1629 588 Jactu·

214 617 381 666 rasque
403 618 429 648 a
453 602 621 648 militia
643 601 789 665 regiS,
814 602 948 664 cujus
967 601 1195 649 ducatum
1219 602 1267 648 in
1293 601 1371 648 illa
1394 611 1529 667 parte
1550 601 1632 648 ha-

212 679 326 727 bere
347 678 586 726 ferebatur
606 695 768 726 comes
797 678 1053 744 delphinus
1084 679 1351 740 Alverniae',
1379 682 1491 744 qui,
1514 697 1625 726 cum

211 752 368 820 aliqua
395 757 618 821 portione
647 756 963 821 stipendiariae
996 767 1139 821 atque
1170 756 1422 804 ordinariae
1448 757 1629 804 militiae

211 833 333 895 regis
354 835 532 898 Junctis
558 833 803 880 nobilibus
835 833 1060 881 Alverniae
1087 843 1135 881 et
1166 833 1453 895 Delfinatus,
1480 835 1629 881 multa

211 910 399 958 castella
422 921 467 958 et
489 911 623 959 villas
645 912 694 957 in
719 911 991 974 Burgundia
1015 911 1302 976 expugnavit
1331 920 1377 957 et
1411 911 1624 976 diripuit.

211 988 358 1034 Erant
379 987 474 1035 illic
496 998 543 1035 et
563 988 785 1036 nonnulli
803 988 1088 1036 Leodienses
1103 988 1304 1048 exsules,
1331 987 1628 1051 Burgundio-

210 1080 329 1111 num
343 1065 631 1112 infestissimi
650 1076 699 1113 et
719 1065 1009 1113 acerbissimi
1025 1066 1223 1126 inimici,
1247 1066 1329 1130 qui
1349 1066 1398 1111 in
1419 1064 1626 1130 populos

210 1151 257 1189 et
301 1143 488 1191 accolas
521 1144 803 1208 Burgundiae
845 1145 945 1191 sine
982 1143 1304 1191 misericordia
1342 1142 1622 1201 saeviebant,

209 1220 362 1268 sicubi
390 1237 561 1268 manus
588 1223 775 1269 mittere
800 1232 1010 1287 possent.
1034 1221 1128 1269 Sed
1150 1222 1210 1269 de
1231 1221 1508 1286 hujusmodi
1528 1220 1625 1284 jac-

211 1298 327 1344 turis
347 1308 394 1345 et
409 1298 596 1346 damnis
617 1300 695 1345 vix
711 1299 994 1364 quidquam,
1015 1300 1106 1346 nisi
1126 1299 1272 1363 longo
1295 1309 1401 1364 post
1421 1298 1625 1345 decurso

212 1385 452 1441 tempore,
482 1377 871 1440 Burgundionum
896 1377 994 1424 dux
1024 1378 1143 1424 scire
1175 1385 1383 1442 poterat,
1411 1392 1470 1422 eo
1493 1376 1623 1439 quod

211 1453 272 1501 de
295 1454 428 1502 terris
447 1455 543 1501 suis
560 1454 789 1502 Flandriae
807 1466 948 1519 atque
977 1455 1222 1515 Picardiae,
1250 1455 1298 1502 in
1322 1453 1496 1518 quibus
1515 1470 1626 1518 age-

211 1530 311 1588 bat,
334 1531 452 1579 nulli
475 1533 522 1578 in
548 1532 869 1595 Burgundiam
896 1549 986 1580 nec
1008 1550 1035 1579 e
1052 1542 1219 1579 contra
1240 1549 1432 1579 securus
1456 1532 1625 1578 transi-

212 1618 288 1655 tus
331 1609 544 1672 patebat3
583 1626 694 1656 nam
735 1611 1020 1675 Campania,
1060 1627 1166 1674 quae
1200 1609 1482 1656 intermedia
1526 1618 1622 1668 est,

212 1686 334 1749 regis
365 1697 489 1747 erat,
531 1697 576 1733 et
620 1687 933 1751 Lotharingiae
972 1687 1066 1734 dux
1080 1690 1110 1745 ’‚
1148 1697 1340 1734 mortuo
1364 1696 1498 1752 patre
1535 1703 1623 1734 suo

212 1762 428 1810 Johanne
462 1764 511 1810 in
539 1765 821 1823 Catalonia³,
854 1765 1067 1829 principe
1102 1764 1241 1811 bonae
1273 1764 1534 1822 memoriae,
1562 1764 1620 1809 ad

212 1849 367 1904 partes
404 1843 525 1904 regis
555 1852 838 1901 accesserat,
872 1852 918 1888 et
951 1852 1052 1888 tum
1088 1840 1483 1904 Burgundionum
1514 1840 1624 1887 duci

210 1916 360 1965 hostis
390 1919 538 1966 factus
573 1929 673 1966 erat
707 1920 755 1965 in
783 1919 980 1982 gratiam
1001 1920 1123 1982 regis
1144 1928 1286 1982 atque
1309 1918 1536 1978 favorem,
1565 1934 1624 1963 eo

212 1994 343 2057 quod
362 1995 510 2060 ipsius
531 1994 677 2043 filiam
700 1995 1035 2060 desponsatam
1059 1995 1294 2043 haberet&

265 2132 303 2169 1.
333 2131 521 2169 Bertrand
540 2131 588 2169 de
607 2133 660 2169 La
677 2133 794 2177 Tour,
814 2139 938 2169 comte
958 2132 1006 2170 de
1022 2132 1221 2185 Boulogne
1243 2141 1282 2170 et
1303 2132 1476 2184 dauphin
1502 2131 1624 2171 d’Au-

210 2202 368 2242 vergne.

263 2250 303 2287 Ξ.
333 2249 485 2288 Nicolas
509 2249 690 2298 d‘Anjcu.

263 2311 301 2348 3.
332 2311 429 2348 Jean
447 2308 630 2359 d’Anjou,
651 2310 709 2348 fils
730 2309 783 2347 du
801 2309 860 2347 roi
880 2310 1004 2358 Rene,
1026 2319 1125 2349 mort
1142 2313 1163 2349 a
1184 2311 1409 2361 Barcelone,
1430 2311 1467 2349 le
1487 2313 1537 2349 16
1557 2310 1628 2349 de-

208 2366 362 2407 cembre
386 2370 506 2410 1470.

262 2428 301 2462 4.
331 2426 466 2465 C'etait
497 2427 534 2465 la
567 2426 731 2466 seconde
757 2427 827 2465 sois
855 2428 951 2478 qu'il
978 2427 1068 2466 etait
1097 2427 1272 2479 question
1293 2427 1342 2465 de
1365 2441 1410 2466 ce
1435 2427 1622 2479 mariage,

208 2484 295 2533 deja
315 2498 455 2538 rompu
476 2500 590 2539 parce
614 2486 704 2539 qu'a
732 2500 787 2525 un
817 2496 989 2526 moment
1015 2487 1052 2526 le
1066 2488 1184 2537 jeune
1204 2488 1338 2539 prince
1361 2488 1463 2526 avait
1488 2488 1623 2539 espere

207 2543 318 2582 avoir
340 2558 440 2596 pour
466 2547 605 2585 semme
630 2547 841 2585 l’heritiere
869 2547 917 2586 de
945 2547 1101 2586 Charles
1127 2547 1165 2585 le
1192 2547 1424 2587 Temeraire.
1454 2547 1622 2586 L’annee

208 2603 386 2642 suivante
401 2618 451 2643 on
472 2605 527 2643 lui
544 2607 587 2644 fit
606 2607 761 2658 esperer
784 2606 833 2645 de
858 2620 1040 2646 nouveau
1060 2607 1250 2645 l’alliance
1276 2607 1616 2659 bourguignonne,

210 2670 248 2701 et
265 2662 292 2699 il
315 2664 455 2715 rompit
474 2677 612 2703 encore
631 2678 724 2704 avec
747 2665 783 2704 le
802 2666 875 2706 roi.
899 2666 931 2704 Il
960 2674 1117 2704 mourut
1134 2678 1183 2703 en
1203 2667 1329 2712 1473,
1358 2673 1476 2715 ayant
1501 2677 1553 2715 pu
1580 2676 1622 2701 se

209 2721 435 2762 convaincre
453 2736 527 2774 que
547 2724 582 2762 le
598 2724 672 2762 duc
690 2725 739 2762 de
758 2728 987 2778 Bourgogne
1005 2724 1128 2763 s’etait
1144 2725 1283 2776 moque
1301 2724 1350 2762 de
1371 2725 1439 2763 lui.
