2054 3470
338 356 414 392 424
648 395 652 398 ,
696 355 1038 393 HISTORIARUM
1065 354 1298 392 LUDOVICI
1325 354 1382 391 XI

801 538 1139 583 CAPITULUM
1177 539 1276 583 XV.

580 667 718 711 Quibus
733 668 890 713 moribus
906 668 993 704 vixit
1008 667 1153 703 Carolus
1163 695 1174 715 ,
1190 668 1263 703 dux
1277 669 1500 715 Burgundiae.

404 786 543 835 {nitio
570 796 726 833 autem
756 804 852 851 quo
880 788 1111 852 imperare
1138 788 1304 852 coepit,
1335 797 1467 852 patre
1491 788 1741 843 defuncto,

342 861 611 908 modestum
646 880 694 909 se
732 864 842 910 satis
885 874 931 911 et
974 865 1242 928 principatu
1279 864 1474 927 dignum
1520 863 1743 910 ostendit.

342 939 620 1002 Priusquam
641 939 794 997 enim,
820 949 962 1004 rupto
986 940 1182 1001 foedere,
1208 956 1290 986 rex
1311 939 1399 986 sibi
1424 940 1678 987 Ambianos
1701 948 1748 986 et

341 1017 874 1073 Sanctum—Quintinum
904 1017 1223 1064 Viromandiae
1260 1015 1564 1073 abstulisset¹‚
1604 1015 1750 1062 cultui

335 1092 525 1154 justitiae
548 1093 658 1139 satis
677 1092 865 1139 deditus
883 1103 999 1140 erat.
1026 1093 1161 1139 Unde
1181 1093 1242 1140 de
1256 1093 1396 1139 ‘terris
1417 1091 1508 1138 illis
1529 1091 1751 1139 Picardiae

342 1179 388 1216 et
401 1168 632 1216 Flandriae
647 1170 901 1233 pessimam
917 1170 1103 1217 illarum
1126 1169 1518 1217 consuetudinem
1542 1169 1750 1217 civilium

341 1246 465 1292 inter
494 1244 612 1292 duas
645 1245 862 1309 pluresve
904 1246 1103 1293 familias
1148 1261 1416 1310 pugnarum
1462 1245 1676 1292 cohibuit
1706 1255 1754 1292 et

344 1321 603 1380 restrinxit3
631 1337 720 1367 nec
742 1337 1032 1384 quemquam
1054 1321 1288 1368 nobilium
1310 1322 1358 1367 in
1382 1321 1551 1380 alium,
1577 1331 1658 1368 aut
1679 1322 1753 1367 in-

346 1397 529 1443 ferioris
561 1398 703 1444 etiam
740 1407 888 1444 status
926 1413 1275 1461 quemcumque
1316 1398 1561 1462 hominem
1599 1396 1754 1461 (quod

350 1477 520 1539 passim
553 1477 778 1523 anteactis
799 1477 1097 1541 temporibus
1120 1476 1199 1523 diu
1224 1486 1464 1524 assuetum
1486 1476 1657 1538 fuerat)
1681 1476 1756 1522 via

350 1555 458 1601 facti
490 1554 755 1617 quidquam
775 1571 1056 1618 praesumere
1077 1571 1159 1600 seu
1183 1563 1414 1600 attentare
1435 1553 1631 1618 impune
1651 1568 1757 1616 per-

351 1631 492 1676 misit.
603 1690 606 1697 Ι

411 1706 621 1753 Tenebat
645 1716 760 1753 tunc
786 1707 966 1754 curiam
992 1706 1231 1772 publicam
1256 1707 1331 1754 bis
1354 1716 1436 1754 aut
1460 1716 1530 1753 ter
1551 1703 1758 1769 qualibet

352 1783 656 1846 hebdomada
674 1784 723 1829 in
751 1783 925 1847 palatio
951 1800 1063 1842 suc,
1091 1784 1139 1830 in
1164 1800 1259 1847 qua
1283 1800 1448 1830 omnes
1471 1797 1692 1847 proceres
1712 1790 1760 1827 et

349 1860 538 1906 nobiles
562 1860 734 1906 domus
757 1877 851 1907 suae
875 1861 1078 1908 assidere
1102 1860 1377 1925 oportebat,
1402 1859 1486 1906 ubi
1510 1855 1755 1916 omnihus,

349 1937 732 2001 quibuscumque
753 1946 800 1983 et
823 1937 1158 2001 undecumque
1178 1947 1347 1994 essent,
1369 1935 1557 1982 licentia
1576 1942 1761 1998 praesta·

349 2015 493 2061 batur
511 2014 771 2061 accedendi
789 2015 850 2061 ad
869 2015 1133 2079 principem
1151 2024 1197 2060 et
1219 2013 1430 2060 libellum
1448 2027 1642 2076 precum
1661 2025 1759 2056 sua-

350 2107 459 2136 rum
476 2090 629 2136 eidem
646 2091 876 2137 offerendi
896 2109 905 2136 :
923 2090 986 2136 ad
997 2106 1140 2152 quem
1153 2106 1238 2154 per
1256 2089 1587 2137 cancellarium
1602 2101 1758 2145 suum,

351 2167 425 2213 vel
450 2166 657 2230 aliquem
686 2167 747 2212 de
772 2165 970 2212 consilio
992 2182 1143 2230 prope
1166 2166 1483 2223 assistentem,
1514 2163 1641 2210 illico
1666 2178 1762 2209 res-

354 2243 640 2308 ponsionem
665 2242 865 2289 adscribi
891 2241 1105 2289 faciebat.
1687 2240 1689 2244 ’

420 2318 631 2365 Moribus
652 2319 793 2364 etiam
815 2319 979 2383 probis
1001 2328 1048 2365 et
1069 2318 1279 2365 honestis
1299 2329 1412 2365 tunc
1430 2326 1544 2364 erat.
1572 2318 1606 2361 F
1607 2313 1766 2362 ereba-

353 2405 431 2441 tur
454 2395 582 2441 enim
605 2404 702 2441 tam
724 2411 823 2441 esse
846 2404 1017 2454 castus,
1042 2405 1094 2441 ut
1117 2395 1297 2442 nullam
1318 2394 1574 2451 foeminam,
1597 2400 1765 2456 praeter

353 2473 608 2536 conjugem
631 2472 898 2536 propriam,
928 2488 1215 2534 cognoscere
1237 2472 1310 2519 vel
1333 2473 1376 2518 ei
1397 2469 1646 2517 adhinnire
1669 2467 1764 2515 vel—

351 2549 443 2607 let3
485 2549 619 2613 quod
643 2549 862 2595 nonnulli
893 2549 1032 2596 variis
1057 2559 1103 2595 et
1135 2548 1462 2596 differentibus
1493 2547 1579 2594 viis
1609 2547 1659 2592 in
1695 2544 1764 2591 vi-

354 2626 474 2672 tium
505 2625 855 2689 detorquebant
883 2644 892 2671 :
922 2627 1070 2672 livore
1101 2626 1412 2672 verisimiliter
1435 2634 1515 2672 aut
1539 2624 1668 2681 odio,
1691 2621 1765 2668 vel

351 2705 540 2751 levitate
562 2703 734 2768 potius,
757 2719 903 2766 quam
925 2703 1128 2769 veritatis
1151 2720 1328 2750 amore.
1357 2701 1570 2749 Habebat
1594 2714 1765 2764 nempe

409 2824 445 2859 1.
481 2824 605 2859 Avant
626 2824 739 2860 1471.
