2054 3470
678 318 825 355 LIBER
863 317 1066 355 TERTIUS
1074 345 1082 354 .
1510 318 1585 356 241

179 419 280 457 tore
298 419 440 469 satus,
458 423 568 455 eum
585 415 743 453 tamen
761 405 810 451 in
830 405 1150 468 germanitatis
1168 405 1586 463 necessitudinem,

179 496 404 549 tanquam
425 483 632 550 parentis
658 483 731 529 sui
752 481 1016 530 naturalem
1050 480 1200 528 filium
1228 486 1515 548 receperat¹,
1543 494 1590 530 et

181 564 404 611 dominiis
429 571 686 620 terrarum,
712 576 862 623 usque
889 559 951 606 ad
972 559 1184 606 valorem
1215 576 1432 607 annuum
1466 559 1589 607 duo-

182 658 290 688 rum
308 639 435 687 miile
461 648 707 686 scutorum
733 637 860 697 auri,
886 636 1119 683 ditaverat
1138 635 1318 700 absque
1343 637 1587 701 pensioni-

178 717 272 768 bus
308 726 354 764 et
386 715 487 763 aliis
517 714 747 773 donariiS‚
786 729 891 777 quae
930 714 979 759 in
1018 729 1129 759 eum
1169 714 1281 760 satis
1320 713 1594 778 frequenter

183 793 398 841 conferre
420 791 585 839 solitus
607 801 723 838 erat.

247 869 339 917 Sed
366 878 412 915 et
438 867 653 933 profecto
677 867 799 930 regis
831 865 1057 931 pudenda
1084 867 1192 913 satis
1224 867 1594 916 inconsideratio

183 963 264 995 seu
285 945 557 993 indiscretio
575 945 794 1010 apparuit
811 944 946 1008 quod
963 961 1091 1003 eum,
1114 945 1194 1008 qui
1215 961 1303 1008 pro
1336 946 1453 992 tanti
1479 962 1599 993 con-

183 1025 373 1072 scientia
421 1023 630 1070 criminis
672 1023 759 1086 (ne
800 1023 1118 1087 suspicionem
1170 1021 1368 1069 dixerim
1410 1023 1596 1086 solum)

183 1102 317 1166 cujus
341 1111 507 1149 auctor
534 1101 633 1166 ipse
658 1110 922 1165 putaretur,
952 1100 1182 1165 profugus
1207 1110 1350 1165 atque
1376 1101 1600 1164 fugitivus

184 1188 328 1239 esset,
366 1178 622 1243 receperit,
661 1178 856 1242 insuper
889 1178 1031 1224 etiam
1064 1188 1112 1224 et
1146 1177 1424 1225 muneribus
1458 1188 1600 1243 atque

184 1256 325 1304 donis
351 1255 597 1303 affecerit&
632 1248 796 1302 Melius
819 1255 949 1302 enim
986 1264 1083 1301 tam
1117 1254 1301 1302 scelesti
1337 1265 1481 1319 atque
1512 1273 1601 1303 ne-

186 1334 315 1392 fandi
336 1332 575 1399 parricidii
606 1332 925 1396 suspicionem
960 1331 1165 1396 effugere
1196 1342 1243 1379 et
1267 1349 1294 1379 a
1315 1349 1365 1380 se
1399 1333 1604 1380 alienam

187 1410 340 1458 facere
374 1409 527 1456 multo
564 1408 824 1456 consultius
860 1418 905 1455 et
945 1408 1238 1473 probabilius
1274 1410 1529 1474 potuisset,
1566 1411 1606 1457 si

188 1505 299 1535 eum
317 1487 514 1534 minime
532 1502 559 1533 a
575 1502 625 1532 se
643 1485 800 1550 palam
823 1494 1086 1549 receptum,
1113 1495 1160 1532 et
1182 1485 1460 1533 muneribus
1479 1487 1604 1534 clan-

189 1564 298 1611 culo
320 1564 575 1623 donatum,
603 1563 664 1609 ad
697 1562 893 1626 alicujus
915 1562 1106 1609 alterius
1133 1563 1224 1610 sibi
1254 1564 1394 1611 amici
1416 1564 1491 1611 vel
1520 1565 1604 1611 foe-

190 1641 341 1689 derati
376 1641 604 1706 principis
639 1650 815 1687 terram
847 1639 1074 1687 alendum
1107 1640 1384 1701 dimisisset,
1424 1642 1604 1706 absque

189 1717 284 1764 hoc
308 1717 465 1780 quod,
497 1734 608 1763 cum
636 1717 754 1764 tanti
785 1716 979 1764 infamia
1005 1718 1240 1775 criminis,
1276 1718 1325 1764 in
1354 1720 1487 1766 curia
1520 1737 1603 1767 sua

188 1794 265 1842 vel
285 1811 433 1858 regno
456 1810 485 1841 a
506 1793 719 1857 quolibet
739 1794 996 1841 videretur.
1023 1794 1115 1841 Sed
1139 1795 1250 1842 talia
1271 1795 1603 1859 hujuscemodi

190 1872 386 1918 minime
415 1872 490 1918 vel
521 1887 691 1936 parum
723 1887 802 1923 rex
831 1872 932 1936 ipse
958 1871 1200 1919 attendere
1229 1872 1305 1919 vel
1335 1874 1604 1937 ponderare

189 1948 457 2007 videbatur,
476 1949 553 1995 cui
568 1949 731 1995 talium
749 1948 1125 1996 erubescentiam
1144 1949 1407 1996 facinorum
1427 1951 1606 1998 machi-

190 2025 340 2073 nandi
361 2035 502 2089 atque
531 2025 751 2090 patrandi
778 2026 879 2089 Jam
904 2025 1181 2074 assuefactio
1208 2026 1495 2087 abstulisset,
1520 2046 1607 2094 per

191 2102 435 2150 infamiam
451 2111 496 2149 et
511 2101 692 2149 bonam
715 2102 908 2161 famam,
929 2120 987 2150 ex
1003 2118 1140 2167 aequo
1159 2104 1333 2168 pariter
1353 2115 1398 2151 et
1416 2106 1600 2170 iniquo,

194 2177 458 2225 dummodo
481 2178 794 2243 cupiditatum
817 2195 1011 2226 suarum
1031 2196 1231 2244 compos
1260 2180 1383 2228 effici
1414 2192 1603 2246 posset;

249 2333 267 2367 1
278 2360 287 2368 .
314 2328 542 2376 Chatelain,
558 2328 625 2379 qui
638 2327 788 2367 n'eleve
804 2341 872 2380 pas
888 2328 937 2367 de
952 2328 1087 2367 doutes
1102 2342 1168 2367 sur
1179 2342 1250 2367 son
1264 2329 1429 2381 origine,
1447 2343 1592 2383 oppose
1602 2371 1612 2387 ‚

197 2405 247 2430 au
271 2390 479 2438 contraire,
509 2403 551 2428 sa
577 2390 756 2428 situation
789 2389 842 2427 du
867 2389 1001 2428 vivant
1026 2390 1074 2428 de
1099 2403 1167 2428 son
1186 2393 1279 2442 pere
1300 2392 1321 2428 a
1338 2391 1434 2429 celle
1453 2394 1504 2430 οὺ
1525 2393 1550 2430 il
1571 2408 1611 2431 se

197 2449 363 2488 trouvait
382 2462 470 2487 sous
490 2450 526 2488 le
550 2450 624 2488 duc
650 2450 806 2489 Charles
828 2467 838 2488 ε
863 2467 880 2485 «ι
900 2450 1018 2487 Avoit
1040 2463 1089 2488 eu
1113 2449 1192 2488 bon
1215 2458 1339 2502 temps
1364 2458 1403 2488 et
1429 2450 1478 2489 de
1501 2463 1613 2505 grant

198 2507 324 2560 espoir
343 2507 395 2546 du
417 2516 539 2560 temps
557 2508 609 2546 du
626 2508 706 2546 bon
725 2509 799 2547 duc
818 2508 1007 2560 Philippe,
1030 2521 1100 2546 son
1118 2509 1227 2560 pere,
1251 2509 1330 2546 bon
1348 2517 1386 2547 et
1403 2511 1528 2560 grand
1547 2526 1613 2550 en-

198 2575 469 2615 tretenement,
490 2580 576 2606 sans
596 2568 780 2606 servitute
802 2577 840 2606 et
862 2581 948 2606 sans
973 2568 1060 2606 nuls
1082 2580 1272 2620 apparens
1291 2567 1483 2619 dangiers.
1510 2574 1616 2608 Dont

198 2626 303 2664 veoit
323 2625 359 2663 le
382 2633 503 2677 temps
526 2626 579 2664 du
603 2628 759 2678 present
782 2636 882 2666 estre
908 2636 991 2665 tout
1016 2635 1148 2676 autre,
1175 2636 1258 2665 tout
1281 2627 1355 2665 dur
1376 2636 1414 2666 et
1439 2637 1614 2682 estrange

199 2697 337 2724 envers
354 2683 504 2722 l'aultre
522 2687 645 2735 passe.
669 2704 685 2720 ι»
709 2689 813 2725 Part.
835 2688 909 2734 111,
929 2686 992 2726 ch.
1014 2700 1169 2726 cnxxn.

253 2746 292 2782 2.
324 2743 607 2782 Contradiction
626 2757 721 2783 avec
735 2758 784 2783 ce
799 2758 874 2796 que
893 2745 1058 2782 l'auteur
1076 2744 1182 2782 vient
1200 2743 1247 2782 de
1268 2744 1352 2782 dire
1376 2744 1429 2782 du
1447 2745 1582 2784 batard
1602 2761 1610 2782 ι

201 2807 303 2842 tenui
325 2804 460 2841 honore
480 2812 683 2853 susceptus,
699 2807 886 2854 repulsam
906 2808 1069 2854 accepit,
1089 2813 1159 2841 etc.

413 2889 450 2912 11
1352 2877 1401 2912 16
