2054 3470
751 355 900 392 LmER
941 354 1187 401 QUAR‘ms.
1603 355 1678 392 313

264 445 382 493 biles
402 454 449 493 et
471 443 673 491 militum
692 442 838 489 duces
858 441 1033 506 captivi
1051 450 1330 488 tenerentur
1346 478 1358 502 ‚
1383 457 1551 488 eorum
1568 459 1681 490 suo-

266 538 470 586 rumque
496 521 762 568 interventu
801 519 1066 566 amicorum
1102 527 1148 565 et
1186 517 1564 565 necessariorum
1581 555 1594 579 ‚
1628 530 1682 566 ut

265 616 431 648 eorum
473 598 587 646 hinc
627 606 675 644 et
719 596 833 644 inde
873 597 1123 662 captivitas
1175 595 1439 643 solveretur
1455 631 1468 655 ,
1513 596 1578 643 ita
1620 596 1682 644 de

265 675 601 742 componenda
623 691 740 740 pace
768 683 1018 721 tractatum
1046 673 1135 720 fuit
1149 709 1161 732 ‚
1184 683 1236 720 ut
1257 672 1403 738 paulo
1426 683 1535 737 post
1558 673 1683 721 inter

267 753 434 802 ambos
464 767 597 816 reges
624 750 957 798 conciliaretur
992 759 1038 797 et
1070 750 1424 797 reformaretur.
1460 750 1684 797 Promisit

267 831 395 879 enim
426 832 699 893 Aragonum
723 845 806 875 rex
839 844 1066 892 magnum
1092 828 1195 875 auri
1224 827 1391 892 pondo
1413 863 1425 886 ,
1457 827 1591 891 quod
1620 827 1683 876 ad

267 907 471 955 ducenta
500 907 575 954 vel
609 906 671 954 ad
699 915 913 954 trecenta
940 906 1087 954 millia
1115 906 1412 954 florenorum
1439 906 1684 971 Aragoniae

266 983 524 1032 ascendere
554 984 704 1031 fertur
724 1019 736 1043 ‚
781 984 879 1048 regi
913 986 1207 1031 Francorum
1250 983 1515 1045 exsolvere,
1552 984 1686 1047 juxta

266 1061 477 1126 priorem
515 1060 632 1108 olim
670 1061 794 1107 inter
826 1060 955 1124 ipsos
988 1059 1155 1107 initam
1188 1059 1645 1108 confoederationem
1668 1098 1681 1122 ‚

265 1147 313 1185 et
332 1153 519 1185 summa
541 1154 597 1185 ea
621 1137 862 1203 persoluta
878 1174 890 1197 ‚
917 1153 1048 1184 arces
1080 1137 1339 1185 nonnullas
1365 1137 1504 1202 (quas
1526 1138 1686 1186 adhuc

266 1215 397 1264 idem
424 1219 718 1264 Francorum
755 1232 835 1262 rex
870 1224 999 1262 tenet
1028 1215 1076 1262 in
1109 1216 1245 1262 terris
1282 1215 1373 1262 illis
1400 1215 1687 1279 Cataloniae)

267 1309 377 1340 cum
401 1293 481 1340 illa
502 1309 610 1340 arce
634 1292 904 1357 Perpiniani
933 1292 1151 1357 promisit
1172 1292 1344 1340 liberas
1378 1302 1426 1340 et
1448 1293 1544 1340 suis
1565 1309 1685 1358 prae-

268 1368 399 1416 sidiis
436 1378 654 1417 vacuatas
684 1369 884 1416 reddere
914 1378 1059 1433 atque
1082 1370 1371 1429 restitue1·e¹,
1405 1369 1524 1416 nihil
1552 1379 1684 1436 post-

270 1448 362 1495 hac
381 1449 430 1495 in
453 1447 758 1495 comitatibus
787 1447 1063 1494 Rossilionis
1085 1456 1133 1494 et
1163 1448 1410 1494 Ceritaniae
1427 1447 1546 1510 juris
1567 1464 1687 1512 prae-

272 1535 492 1572 tensurus
511 1533 593 1572 aut
607 1523 878 1571 habiturus.

336 1604 545 1648 Fuerunt
574 1611 733 1648 autem
763 1601 917 1649 eidem
941 1602 1039 1666 regi
1062 1604 1335 1665 Aragonum
1351 1637 1364 1661 ,
1391 1612 1502 1649 ante
1527 1602 1692 1665 hujus-

272 1677 405 1735 modi
420 1678 550 1743 pacis
564 1677 953 1725 reformationem
967 1714 981 1738 ,
1007 1694 1092 1744 per
1115 1694 1245 1726 mare
1262 1678 1494 1726 nonnulla
1517 1679 1691 1727 auxilia

271 1753 476 1802 militum
497 1764 545 1801 et
564 1770 768 1801 annonae
795 1755 905 1801 satis
928 1763 1201 1819 opportune
1231 1757 1504 1803 transmissa
1527 1771 1554 1802 a
1580 1772 1690 1820 rege

272 1833 437 1879 Siciliae
466 1832 742 1892 Fernando,
772 1832 926 1879 fratris
954 1832 1028 1878 sui
1058 1831 1288 1897 Alphonsi
1312 1831 1434 1893 fili0;
1461 1850 1488 1880 a
1518 1832 1692 1896 quibus

271 1909 321 1955 in
357 1908 634 1956 sustinenda
667 1918 715 1955 et
739 1907 1015 1974 repellenda
1038 1907 1292 1956 obsidione
1314 1925 1414 1956 non
1436 1925 1585 1974 parva
1613 1926 1690 1957 so-

271 1985 384 2032 latia
401 1984 647 2032 adinvenit
657 1987 688 2032 ².

327 2138 365 2175 1.
396 2139 454 2174 En
472 2135 670 2174 attendant
688 2135 724 2174 le
744 2143 950 2187 payement
973 2135 1021 2173 de
1039 2136 1078 2173 la
1106 2148 1274 2185 somme,
1294 2136 1332 2174 le
1350 2135 1571 2174 Roussillon
1590 2143 1629 2174 et
1656 2136 1694 2174 la

275 2194 474 2247 Cerdagne
492 2194 672 2233 devaient
691 2202 813 2232 rester
831 2208 908 2233 aux
924 2195 1047 2233 mains
1062 2192 1118 2233 'de
1135 2196 1254 2234 Louis
1271 2198 1346 2243 XI,
1365 2208 1455 2233 sous
1473 2195 1511 2234 le
1529 2208 1696 2248 gouver-

275 2262 430 2292 nement
445 2253 539 2292 d'un
553 2253 709 2293 Catalan
726 2253 848 2291 choisi
867 2267 938 2304 par
955 2253 1012 2292 lui
1030 2262 1139 2292 entre
1157 2254 1225 2292 dix
1245 2267 1456 2306 personnes
1474 2255 1695 2306 presentees

275 2325 346 2363 par
363 2313 400 2352 le
418 2314 477 2351 roi
499 2313 708 2366 d'Aragon.
730 2316 784 2351 Le
804 2313 919 2351 choix
938 2313 992 2351 du
1013 2315 1072 2352 roi
1092 2314 1140 2353 de
1158 2316 1305 2353 France
1325 2314 1457 2353 tomba
1480 2328 1547 2353 sur
1564 2314 1695 2352 Pierre

277 2372 326 2410 de
349 2372 567 2412 Rocaberti.
591 2373 770 2412 Relation
789 2373 920 2412 d’Ant.
944 2376 1090 2414 Passot.

329 2432 369 2471 2.
408 2435 484 2471 Par
509 2433 748 2485 represailles
763 2463 774 2482 ,
803 2432 841 2471 le
870 2432 1107 2471 vice-amital
1138 2432 1186 2471 de
1209 2435 1355 2472 France
1383 2433 1506 2472 Colon
1536 2440 1696 2484 captura

279 2489 382 2528 deux
410 2492 574 2542 grandes
593 2492 742 2545 galeres
771 2492 1027 2544 napolitaines
1058 2506 1125 2531 sur
1146 2493 1202 2532 les
1224 2494 1329 2532 cotes
1354 2494 1403 2532 de
1428 2493 1561 2533 Galice
1586 2501 1624 2531 et
1642 2492 1697 2530 les

279 2560 454 2587 emmena
475 2563 522 2588 en
542 2550 792 2589 Normandie.
814 2554 867 2588 Le
892 2551 952 2589 roi
976 2551 1156 2590 Femand
1175 2552 1312 2590 s'avisa
1335 2552 1384 2591 de
1412 2552 1468 2590 les
1488 2551 1695 2590 redeman-

280 2607 350 2646 der
372 2608 460 2659 plus
480 2609 527 2648 de
548 2611 685 2660 quinze
704 2610 802 2649 mois
823 2611 935 2662 apres
953 2611 990 2649 la
1009 2619 1168 2663 capture
1180 2642 1191 2660 ‚
1213 2611 1386 2650 ecrivant
1403 2614 1424 2649 a
1444 2625 1488 2649 ce
1509 2610 1607 2658 sujet
1624 2622 1698 2647 une

280 2666 390 2705 lettre
405 2669 457 2705 οὺ
475 2668 502 2705 il
526 2668 686 2720 epuisait
705 2678 791 2708 tous
814 2669 870 2707 les
890 2677 1029 2707 termes
1052 2669 1100 2708 de
1125 2670 1400 2708 l'etonnement
1419 2683 1486 2707 sur
1507 2682 1551 2706 ce
1577 2670 1698 2719 qu'un

281 2726 402 2777 pareil
422 2734 580 2765 attentat
598 2728 700 2765 avait
719 2729 778 2766 ete
794 2729 955 2766 commis
975 2741 1113 2767 envers
1131 2742 1185 2766 un
1202 2729 1408 2767 souverain
1427 2727 1528 2766 aussi
1546 2725 1698 2764 devoue

282 2797 357 2835 que
391 2784 445 2822 lui
474 2798 552 2822 aux
579 2785 735 2823 interets
761 2786 809 2824 de
833 2786 871 2824 la
889 2788 1048 2827 France.
1077 2787 1195 2826 Louis
1222 2790 1280 2825 XI
1303 2787 1358 2825 lui
1386 2785 1564 2838 repondit
1592 2784 1639 2822 de
1662 2785 1700 2823 la

284 2846 408 2882 meme
429 2856 559 2890 encre,
581 2843 706 2882 disant
723 2844 816 2895 qu’il
834 2858 885 2884 ne
903 2845 1024 2884 savait
1044 2854 1236 2884 comment
1254 2840 1449 2898 exprimer
1470 2858 1512 2883 sa
1530 2842 1700 2895 surprise
