<?xml version="1.0" encoding="UTF-8"?>
<!DOCTYPE html PUBLIC "-//W3C//DTD XHTML 1.0 Transitional//EN"
    "http://www.w3.org/TR/xhtml1/DTD/xhtml1-transitional.dtd">
<html xmlns="http://www.w3.org/1999/xhtml" xml:lang="en" lang="en">
 <head>
  <title>
</title>
<meta http-equiv="Content-Type" content="text/html;charset=utf-8" />
  <meta name='ocr-system' content='tesseract 3.04.00' />
  <meta name='ocr-capabilities' content='ocr_page ocr_carea ocr_par ocr_line ocrx_word'/>
</head>
<body>
  <div class='ocr_page' id='page_1' title='image "./histoiredesrgn02basiuoft_0250.png"; bbox 0 0 2054 3470; ppageno 0'>
   <div class='ocr_carea' id='block_1_1' title="bbox 458 356 1510 415">
    <p class='ocr_par' dir='ltr' id='par_1_1' title="bbox 458 356 1510 415">
     <span class='ocr_line' id='line_1_1' title="bbox 458 356 1510 415; baseline 0.003 -21"><span class='ocrx_word' id='word_1_1' title='bbox 458 357 535 395; x_wconf 81' lang='lat'><strong>166</strong></span> <span class='ocrx_word' id='word_1_2' title='bbox 730 411 734 415; x_wconf 82' lang='lat'><em>.</em></span> <span class='ocrx_word' id='word_1_3' title='bbox 820 356 1162 397; x_wconf 80' lang='lat' dir='ltr'><strong>HISTORIARUM</strong></span> <span class='ocrx_word' id='word_1_4' title='bbox 1189 359 1427 397; x_wconf 89' lang='lat' dir='ltr'>LUDOVICI</span> <span class='ocrx_word' id='word_1_5' title='bbox 1452 360 1510 397; x_wconf 86' lang='lat' dir='ltr'><strong>XI</strong></span> 
     </span>
    </p>
   </div>
   <div class='ocr_carea' id='block_1_2' title="bbox 453 445 1895 2445">
    <p class='ocr_par' dir='ltr' id='par_1_2' title="bbox 453 445 1895 2445">
     <span class='ocr_line' id='line_1_2' title="bbox 457 445 1870 512; baseline 0.002 -20"><span class='ocrx_word' id='word_1_6' title='bbox 457 445 892 510; x_wconf 87' lang='lat' dir='ltr'><strong>(quemadmodum</strong></span> <span class='ocrx_word' id='word_1_7' title='bbox 924 462 1068 510; x_wconf 91' lang='lat' dir='ltr'><strong>supra</strong></span> <span class='ocrx_word' id='word_1_8' title='bbox 1098 447 1405 510; x_wconf 89' lang='lat' dir='ltr'>retulimus),</span> <span class='ocrx_word' id='word_1_9' title='bbox 1442 449 1492 494; x_wconf 93' lang='lat' dir='ltr'><strong>in</strong></span> <span class='ocrx_word' id='word_1_10' title='bbox 1528 463 1623 494; x_wconf 87' lang='lat' dir='ltr'><strong>suae</strong></span> <span class='ocrx_word' id='word_1_11' title='bbox 1661 447 1870 512; x_wconf 77' lang='lat' dir='ltr'><strong>perfidiae</strong></span> 
     </span>
     <span class='ocr_line' id='line_1_3' title="bbox 456 522 1871 589; baseline 0.001 -18"><span class='ocrx_word' id='word_1_12' title='bbox 456 539 650 589; x_wconf 86' lang='lat' dir='ltr'><strong>poenam</strong></span> <span class='ocrx_word' id='word_1_13' title='bbox 674 522 1062 588; x_wconf 89' lang='lat' dir='ltr'><strong>damnorumque</strong></span> <span class='ocrx_word' id='word_1_14' title='bbox 1089 540 1116 570; x_wconf 90' lang='lat' dir='ltr'><strong>a</strong></span> <span class='ocrx_word' id='word_1_15' title='bbox 1146 541 1195 571; x_wconf 90' lang='lat' dir='ltr'><strong>se</strong></span> <span class='ocrx_word' id='word_1_16' title='bbox 1225 524 1449 572; x_wconf 89' lang='lat' dir='ltr'><strong>datorum</strong></span> <span class='ocrx_word' id='word_1_17' title='bbox 1481 524 1767 572; x_wconf 86' lang='lat' dir='ltr'>nonnullam</span> <span class='ocrx_word' id='word_1_18' title='bbox 1795 542 1871 574; x_wconf 89' lang='lat' dir='ltr'><strong>re-</strong></span> 
     </span>
     <span class='ocr_line' id='line_1_4' title="bbox 453 601 1869 664; baseline 0.001 -16"><span class='ocrx_word' id='word_1_19' title='bbox 453 617 782 664; x_wconf 90' lang='lat' dir='ltr'><strong>compensam,</strong></span> <span class='ocrx_word' id='word_1_20' title='bbox 805 601 1073 664; x_wconf 84' lang='lat' dir='ltr'><strong>quingentis</strong></span> <span class='ocrx_word' id='word_1_21' title='bbox 1097 601 1304 648; x_wconf 91' lang='lat' dir='ltr'><strong>millibus</strong></span> <span class='ocrx_word' id='word_1_22' title='bbox 1327 602 1627 650; x_wconf 85' lang='lat' dir='ltr'><strong>florenorum</strong></span> <span class='ocrx_word' id='word_1_23' title='bbox 1647 602 1869 651; x_wconf 88' lang='lat' dir='ltr'><strong>Rhenen-</strong></span> 
     </span>
     <span class='ocr_line' id='line_1_5' title="bbox 454 677 1872 744; baseline 0.001 -18"><span class='ocrx_word' id='word_1_24' title='bbox 454 679 605 726; x_wconf 86' lang='lat' dir='ltr'><strong>sium¹</strong></span> <span class='ocrx_word' id='word_1_25' title='bbox 629 677 843 724; x_wconf 89' lang='lat' dir='ltr'><strong>mulctati</strong></span> <span class='ocrx_word' id='word_1_26' title='bbox 864 687 975 724; x_wconf 90' lang='lat' dir='ltr'><strong>sunt</strong></span> <span class='ocrx_word' id='word_1_27' title='bbox 1006 695 1017 723; x_wconf 88' lang='lat'>:</span> <span class='ocrx_word' id='word_1_28' title='bbox 1056 695 1202 742; x_wconf 88' lang='lat' dir='ltr'><strong>quam</strong></span> <span class='ocrx_word' id='word_1_29' title='bbox 1224 696 1462 727; x_wconf 88' lang='lat' dir='ltr'><strong>summam</strong></span> <span class='ocrx_word' id='word_1_30' title='bbox 1495 695 1581 744; x_wconf 91' lang='lat' dir='ltr'><strong>per</strong></span> <span class='ocrx_word' id='word_1_31' title='bbox 1601 689 1758 728; x_wconf 88' lang='lat' dir='ltr'><strong>certos</strong></span> <span class='ocrx_word' id='word_1_32' title='bbox 1778 689 1872 728; x_wconf 89' lang='lat' dir='ltr'><strong>ter-</strong></span> 
     </span>
     <span class='ocr_line' id='line_1_6' title="bbox 455 754 1873 822; baseline 0.002 -20"><span class='ocrx_word' id='word_1_33' title='bbox 455 756 612 802; x_wconf 91' lang='lat' dir='ltr'><strong>minos</strong></span> <span class='ocrx_word' id='word_1_34' title='bbox 643 754 917 820; x_wconf 81' lang='lat' dir='ltr'><strong>dependere</strong></span> <span class='ocrx_word' id='word_1_35' title='bbox 947 754 1206 804; x_wconf 89' lang='lat' dir='ltr'><strong>haberent.</strong></span> <span class='ocrx_word' id='word_1_36' title='bbox 1246 756 1397 803; x_wconf 88' lang='lat' dir='ltr'><strong>Simul</strong></span> <span class='ocrx_word' id='word_1_37' title='bbox 1426 758 1567 804; x_wconf 88' lang='lat' dir='ltr'><strong>etiam</strong></span> <span class='ocrx_word' id='word_1_38' title='bbox 1595 766 1649 803; x_wconf 92' lang='lat' dir='ltr'><strong>ut</strong></span> <span class='ocrx_word' id='word_1_39' title='bbox 1676 773 1735 804; x_wconf 84' lang='lat' dir='ltr'><strong>ex</strong></span> <span class='ocrx_word' id='word_1_40' title='bbox 1755 758 1873 822; x_wconf 82' lang='lat' dir='ltr'><strong>ipsis</strong></span> 
     </span>
     <span class='ocr_line' id='line_1_7' title="bbox 455 831 1873 896; baseline 0.001 -16"><span class='ocrx_word' id='word_1_41' title='bbox 455 849 598 896; x_wconf 91' lang='lat' dir='ltr'><strong>supra</strong></span> <span class='ocrx_word' id='word_1_42' title='bbox 634 831 868 879; x_wconf 83' lang='lat' dir='ltr'><strong>ducentos</strong></span> <span class='ocrx_word' id='word_1_43' title='bbox 884 868 896 891; x_wconf 96' lang='lat'><strong>,</strong></span> <span class='ocrx_word' id='word_1_44' title='bbox 945 847 1067 894; x_wconf 90' lang='lat' dir='ltr'><strong>quos</strong></span> <span class='ocrx_word' id='word_1_45' title='bbox 1104 833 1503 896; x_wconf 86' lang='lat' dir='ltr'>Burgundionum</span> <span class='ocrx_word' id='word_1_46' title='bbox 1541 833 1640 880; x_wconf 85' lang='lat' dir='ltr'><strong>dux</strong></span> <span class='ocrx_word' id='word_1_47' title='bbox 1677 833 1873 882; x_wconf 86' lang='lat' dir='ltr'><strong>duceret</strong></span> 
     </span>
     <span class='ocr_line' id='line_1_8' title="bbox 456 908 1874 973; baseline 0 -16"><span class='ocrx_word' id='word_1_48' title='bbox 456 908 806 965; x_wconf 89' lang='lat' dir='ltr'><strong>nominandos,</strong></span> <span class='ocrx_word' id='word_1_49' title='bbox 832 909 1051 955; x_wconf 85' lang='lat' dir='ltr'><strong>venirent</strong></span> <span class='ocrx_word' id='word_1_50' title='bbox 1091 909 1351 956; x_wconf 87' lang='lat' dir='ltr'><strong>Brucellam</strong></span> <span class='ocrx_word' id='word_1_51' title='bbox 1369 947 1381 971; x_wconf 95' lang='lat'><strong>,</strong></span> <span class='ocrx_word' id='word_1_52' title='bbox 1418 911 1551 957; x_wconf 83' lang='lat' dir='ltr'><strong>flexis</strong></span> <span class='ocrx_word' id='word_1_53' title='bbox 1579 909 1779 973; x_wconf 87' lang='lat' dir='ltr'>genibus</span> <span class='ocrx_word' id='word_1_54' title='bbox 1797 947 1810 968; x_wconf 95' lang='lat'><strong>,</strong></span> <span class='ocrx_word' id='word_1_55' title='bbox 1845 927 1874 958; x_wconf 93' lang='lat' dir='ltr'><strong>a</strong></span> 
     </span>
     <span class='ocr_line' id='line_1_9' title="bbox 455 985 1875 1051; baseline 0 -17"><span class='ocrx_word' id='word_1_56' title='bbox 455 987 579 1035; x_wconf 90' lang='lat' dir='ltr'><strong>duce</strong></span> <span class='ocrx_word' id='word_1_57' title='bbox 600 985 838 1051; x_wconf 89' lang='lat' dir='ltr'><strong>supplices</strong></span> <span class='ocrx_word' id='word_1_58' title='bbox 862 986 1051 1032; x_wconf 85' lang='lat' dir='ltr'><strong>veniam</strong></span> <span class='ocrx_word' id='word_1_59' title='bbox 1073 985 1392 1049; x_wconf 81' lang='lat' dir='ltr'><strong>deprecaturi,</strong></span> <span class='ocrx_word' id='word_1_60' title='bbox 1418 986 1735 1051; x_wconf 88' lang='lat' dir='ltr'><strong>sigillatasque</strong></span> <span class='ocrx_word' id='word_1_61' title='bbox 1753 987 1875 1035; x_wconf 88' lang='lat' dir='ltr'><strong>litte-</strong></span> 
     </span>
     <span class='ocr_line' id='line_1_10' title="bbox 458 1063 1876 1130; baseline 0 -19"><span class='ocrx_word' id='word_1_62' title='bbox 458 1081 535 1113; x_wconf 87' lang='lat' dir='ltr'><strong>ras</strong></span> <span class='ocrx_word' id='word_1_63' title='bbox 573 1063 634 1111; x_wconf 90' lang='lat' dir='ltr'><strong>de</strong></span> <span class='ocrx_word' id='word_1_64' title='bbox 672 1063 889 1129; x_wconf 88' lang='lat' dir='ltr'><strong>capitulis</strong></span> <span class='ocrx_word' id='word_1_65' title='bbox 935 1079 1171 1110; x_wconf 86' lang='lat' dir='ltr'><strong>concessae</strong></span> <span class='ocrx_word' id='word_1_66' title='bbox 1213 1073 1260 1110; x_wconf 93' lang='lat' dir='ltr'><strong>et</strong></span> <span class='ocrx_word' id='word_1_67' title='bbox 1301 1080 1330 1111; x_wconf 91' lang='lat' dir='ltr'><strong>a</strong></span> <span class='ocrx_word' id='word_1_68' title='bbox 1368 1081 1417 1111; x_wconf 94' lang='lat' dir='ltr'><strong>se</strong></span> <span class='ocrx_word' id='word_1_69' title='bbox 1457 1074 1711 1130; x_wconf 85' lang='lat' dir='ltr'><strong>acceptatae</strong></span> <span class='ocrx_word' id='word_1_70' title='bbox 1746 1066 1876 1130; x_wconf 85' lang='lat' dir='ltr'><strong>pacis</strong></span> 
     </span>
     <span class='ocr_line' id='line_1_11' title="bbox 457 1139 1877 1206; baseline 0 -16"><span class='ocrx_word' id='word_1_71' title='bbox 457 1159 621 1190; x_wconf 90' lang='lat' dir='ltr'><strong>secum</strong></span> <span class='ocrx_word' id='word_1_72' title='bbox 642 1141 892 1202; x_wconf 84' lang='lat' dir='ltr'><strong>afferrent,</strong></span> <span class='ocrx_word' id='word_1_73' title='bbox 919 1139 1129 1189; x_wconf 87' lang='lat' dir='ltr'><strong>damnati</strong></span> <span class='ocrx_word' id='word_1_74' title='bbox 1147 1150 1276 1188; x_wconf 89' lang='lat' dir='ltr'><strong>sunt.</strong></span> <span class='ocrx_word' id='word_1_75' title='bbox 1315 1144 1374 1188; x_wconf 85' lang='lat' dir='ltr'><strong>Et</strong></span> <span class='ocrx_word' id='word_1_76' title='bbox 1394 1141 1490 1190; x_wconf 90' lang='lat' dir='ltr'><strong>hoc</strong></span> <span class='ocrx_word' id='word_1_77' title='bbox 1512 1142 1708 1206; x_wconf 91' lang='lat' dir='ltr'><strong>quidem</strong></span> <span class='ocrx_word' id='word_1_78' title='bbox 1727 1143 1877 1190; x_wconf 89' lang='lat' dir='ltr'><strong>adim-</strong></span> 
     </span>
     <span class='ocr_line' id='line_1_12' title="bbox 459 1217 1878 1285; baseline 0 -19"><span class='ocrx_word' id='word_1_79' title='bbox 459 1220 667 1285; x_wconf 88' lang='lat' dir='ltr'><strong>plerunt,</strong></span> <span class='ocrx_word' id='word_1_80' title='bbox 684 1235 801 1283; x_wconf 88' lang='lat' dir='ltr'><strong>pace</strong></span> <span class='ocrx_word' id='word_1_81' title='bbox 821 1218 1101 1282; x_wconf 90' lang='lat' dir='ltr'><strong>hujusmodi</strong></span> <span class='ocrx_word' id='word_1_82' title='bbox 1124 1217 1292 1265; x_wconf 89' lang='lat' dir='ltr'><strong>litteris</strong></span> <span class='ocrx_word' id='word_1_83' title='bbox 1308 1228 1355 1265; x_wconf 91' lang='lat' dir='ltr'><strong>et</strong></span> <span class='ocrx_word' id='word_1_84' title='bbox 1373 1221 1556 1282; x_wconf 86' lang='lat' dir='ltr'><strong>magnis</strong></span> <span class='ocrx_word' id='word_1_85' title='bbox 1574 1220 1878 1267; x_wconf 82' lang='lat' dir='ltr'><strong>sacramentis</strong></span> 
     </span>
     <span class='ocr_line' id='line_1_13' title="bbox 459 1296 1880 1345; baseline -0.001 0"><span class='ocrx_word' id='word_1_86' title='bbox 459 1298 720 1345; x_wconf 85' lang='lat' dir='ltr'><strong>rob01·ata².</strong></span> <span class='ocrx_word' id='word_1_87' title='bbox 739 1296 1008 1344; x_wconf 89' lang='lat' dir='ltr'><strong>Nonnullos</strong></span> <span class='ocrx_word' id='word_1_88' title='bbox 1020 1296 1164 1343; x_wconf 87' lang='lat' dir='ltr'><strong>etiam</strong></span> <span class='ocrx_word' id='word_1_89' title='bbox 1178 1297 1432 1344; x_wconf 85' lang='lat' dir='ltr'><strong>solutionis</strong></span> <span class='ocrx_word' id='word_1_90' title='bbox 1445 1296 1675 1343; x_wconf 88' lang='lat' dir='ltr'><strong>terminos</strong></span> <span class='ocrx_word' id='word_1_91' title='bbox 1683 1313 1880 1344; x_wconf 80' lang='lat' dir='ltr'><strong>summae</strong></span> 
     </span>
     <span class='ocr_line' id='line_1_14' title="bbox 463 1373 1664 1442; baseline -0.002 -19"><span class='ocrx_word' id='word_1_92' title='bbox 463 1375 718 1442; x_wconf 84' lang='lat' dir='ltr'><strong>praedictae,</strong></span> <span class='ocrx_word' id='word_1_93' title='bbox 745 1375 791 1421; x_wconf 91' lang='lat' dir='ltr'><strong>in</strong></span> <span class='ocrx_word' id='word_1_94' title='bbox 813 1390 909 1438; x_wconf 88' lang='lat' dir='ltr'><strong>qua</strong></span> <span class='ocrx_word' id='word_1_95' title='bbox 929 1373 1307 1434; x_wconf 84' lang='lat' dir='ltr'><strong>mulctabantur,</strong></span> <span class='ocrx_word' id='word_1_96' title='bbox 1331 1373 1664 1422; x_wconf 82' lang='lat' dir='ltr'><strong>observarunt.</strong></span> 
     </span>
     <span class='ocr_line' id='line_1_15' title="bbox 527 1450 1881 1509; baseline 0 -9"><span class='ocrx_word' id='word_1_97' title='bbox 527 1452 820 1500; x_wconf 84' lang='lat' dir='ltr'><strong>Adveniente</strong></span> <span class='ocrx_word' id='word_1_98' title='bbox 841 1461 1002 1499; x_wconf 90' lang='lat' dir='ltr'><strong>autem</strong></span> <span class='ocrx_word' id='word_1_99' title='bbox 1024 1461 1210 1509; x_wconf 88' lang='lat' dir='ltr'><strong>aestate,</strong></span> <span class='ocrx_word' id='word_1_100' title='bbox 1246 1468 1359 1500; x_wconf 86' lang='lat' dir='ltr'><strong>cum</strong></span> <span class='ocrx_word' id='word_1_101' title='bbox 1387 1451 1455 1498; x_wconf 92' lang='lat' dir='ltr'><strong>illi</strong></span> <span class='ocrx_word' id='word_1_102' title='bbox 1487 1450 1706 1498; x_wconf 79' lang='lat' dir='ltr'><strong>insensati</strong></span> <span class='ocrx_word' id='word_1_103' title='bbox 1739 1461 1787 1499; x_wconf 89' lang='lat' dir='ltr'><strong>et</strong></span> <span class='ocrx_word' id='word_1_104' title='bbox 1807 1450 1881 1500; x_wconf 80' lang='lat' dir='ltr'><strong>fu·</strong></span> 
     </span>
     <span class='ocr_line' id='line_1_16' title="bbox 464 1529 1884 1594; baseline -0.001 -16"><span class='ocrx_word' id='word_1_105' title='bbox 464 1531 577 1578; x_wconf 90' lang='lat' dir='ltr'><strong>riosi</strong></span> <span class='ocrx_word' id='word_1_106' title='bbox 600 1530 937 1588; x_wconf 86' lang='lat' dir='ltr'><strong>Dinantenses,</strong></span> <span class='ocrx_word' id='word_1_107' title='bbox 968 1546 1067 1576; x_wconf 91' lang='lat' dir='ltr'><strong>non</strong></span> <span class='ocrx_word' id='word_1_108' title='bbox 1094 1529 1241 1576; x_wconf 86' lang='lat' dir='ltr'><strong>modo</strong></span> <span class='ocrx_word' id='word_1_109' title='bbox 1264 1530 1411 1592; x_wconf 82' lang='lat' dir='ltr'><strong>asuis</strong></span> <span class='ocrx_word' id='word_1_110' title='bbox 1435 1529 1625 1594; x_wconf 87' lang='lat' dir='ltr'><strong>probris</strong></span> <span class='ocrx_word' id='word_1_111' title='bbox 1646 1539 1693 1576; x_wconf 92' lang='lat' dir='ltr'><strong>et</strong></span> <span class='ocrx_word' id='word_1_112' title='bbox 1715 1538 1884 1578; x_wconf 89' lang='lat' dir='ltr'><strong>contu·</strong></span> 
     </span>
     <span class='ocr_line' id='line_1_17' title="bbox 464 1605 1880 1672; baseline -0.001 -17"><span class='ocrx_word' id='word_1_113' title='bbox 464 1608 643 1668; x_wconf 91' lang='lat' dir='ltr'><strong>meliis,</strong></span> <span class='ocrx_word' id='word_1_114' title='bbox 670 1624 788 1671; x_wconf 89' lang='lat' dir='ltr'><strong>quas</strong></span> <span class='ocrx_word' id='word_1_115' title='bbox 814 1608 863 1654; x_wconf 92' lang='lat' dir='ltr'><strong>in</strong></span> <span class='ocrx_word' id='word_1_116' title='bbox 885 1606 1104 1670; x_wconf 85' lang='lat' dir='ltr'><strong>praefatos</strong></span> <span class='ocrx_word' id='word_1_117' title='bbox 1128 1606 1333 1654; x_wconf 90' lang='lat' dir='ltr'><strong>illustres</strong></span> <span class='ocrx_word' id='word_1_118' title='bbox 1356 1607 1595 1672; x_wconf 87' lang='lat' dir='ltr'><strong>principes</strong></span> <span class='ocrx_word' id='word_1_119' title='bbox 1618 1605 1880 1668; x_wconf 88' lang='lat' dir='ltr'><strong>faciebant,</strong></span> 
     </span>
     <span class='ocr_line' id='line_1_18' title="bbox 466 1684 1886 1749; baseline -0.001 -16"><span class='ocrx_word' id='word_1_120' title='bbox 466 1703 516 1733; x_wconf 90' lang='lat' dir='ltr'><strong>se</strong></span> <span class='ocrx_word' id='word_1_121' title='bbox 539 1703 638 1733; x_wconf 92' lang='lat' dir='ltr'><strong>non</strong></span> <span class='ocrx_word' id='word_1_122' title='bbox 665 1685 969 1745; x_wconf 86' lang='lat' dir='ltr'><strong>cohiberent,</strong></span> <span class='ocrx_word' id='word_1_123' title='bbox 1010 1684 1095 1732; x_wconf 91' lang='lat' dir='ltr'><strong>sed</strong></span> <span class='ocrx_word' id='word_1_124' title='bbox 1124 1685 1267 1732; x_wconf 89' lang='lat' dir='ltr'><strong>etiam</strong></span> <span class='ocrx_word' id='word_1_125' title='bbox 1290 1684 1469 1732; x_wconf 91' lang='lat' dir='ltr'><strong>eisdem</strong></span> <span class='ocrx_word' id='word_1_126' title='bbox 1494 1685 1642 1749; x_wconf 91' lang='lat' dir='ltr'><strong>impia</strong></span> <span class='ocrx_word' id='word_1_127' title='bbox 1671 1684 1793 1732; x_wconf 90' lang='lat' dir='ltr'><strong>facta</strong></span> <span class='ocrx_word' id='word_1_128' title='bbox 1814 1684 1886 1731; x_wconf 86' lang='lat' dir='ltr'><strong>in·</strong></span> 
     </span>
     <span class='ocr_line' id='line_1_19' title="bbox 466 1761 1882 1827; baseline -0.002 -16"><span class='ocrx_word' id='word_1_129' title='bbox 466 1763 751 1811; x_wconf 81' lang='lat' dir='ltr'><strong>cendiorurn</strong></span> <span class='ocrx_word' id='word_1_130' title='bbox 772 1773 915 1826; x_wconf 91' lang='lat' dir='ltr'><strong>atque</strong></span> <span class='ocrx_word' id='word_1_131' title='bbox 934 1762 1204 1827; x_wconf 87' lang='lat' dir='ltr'><strong>praedarum</strong></span> <span class='ocrx_word' id='word_1_132' title='bbox 1226 1763 1275 1809; x_wconf 92' lang='lat' dir='ltr'><strong>in</strong></span> <span class='ocrx_word' id='word_1_133' title='bbox 1299 1772 1445 1810; x_wconf 84' lang='lat' dir='ltr'><strong>terras</strong></span> <span class='ocrx_word' id='word_1_134' title='bbox 1470 1761 1882 1826; x_wconf 85' lang='lat' dir='ltr'><strong>Burgundionum,</strong></span> 
     </span>
     <span class='ocr_line' id='line_1_20' title="bbox 468 1838 1886 1902; baseline -0.001 -16"><span class='ocrx_word' id='word_1_135' title='bbox 468 1841 518 1887; x_wconf 89' lang='lat' dir='ltr'><strong>in</strong></span> <span class='ocrx_word' id='word_1_136' title='bbox 541 1841 614 1887; x_wconf 90' lang='lat' dir='ltr'><strong>sui</strong></span> <span class='ocrx_word' id='word_1_137' title='bbox 638 1841 857 1901; x_wconf 87' lang='lat' dir='ltr'><strong>exitium,</strong></span> <span class='ocrx_word' id='word_1_138' title='bbox 884 1839 1186 1887; x_wconf 87' lang='lat' dir='ltr'><strong>cumularent</strong></span> <span class='ocrx_word' id='word_1_139' title='bbox 1201 1879 1214 1897; x_wconf 93' lang='lat'><strong>,</strong></span> <span class='ocrx_word' id='word_1_140' title='bbox 1241 1857 1341 1887; x_wconf 94' lang='lat' dir='ltr'><strong>non</strong></span> <span class='ocrx_word' id='word_1_141' title='bbox 1361 1840 1572 1890; x_wconf 82' lang='lat' dir='ltr'><strong>valentes</strong></span> <span class='ocrx_word' id='word_1_142' title='bbox 1591 1838 1737 1890; x_wconf 86' lang='lat' dir='ltr'><strong>iidem</strong></span> <span class='ocrx_word' id='word_1_143' title='bbox 1758 1838 1886 1902; x_wconf 87' lang='lat' dir='ltr'><strong>prin·</strong></span> 
     </span>
     <span class='ocr_line' id='line_1_21' title="bbox 469 1915 1883 1981; baseline -0.001 -17"><span class='ocrx_word' id='word_1_144' title='bbox 469 1917 598 1981; x_wconf 90' lang='lat' dir='ltr'><strong>cipes</strong></span> <span class='ocrx_word' id='word_1_145' title='bbox 625 1917 829 1964; x_wconf 86' lang='lat' dir='ltr'><strong>illustres</strong></span> <span class='ocrx_word' id='word_1_146' title='bbox 848 1927 1030 1964; x_wconf 89' lang='lat' dir='ltr'><strong>tantam</strong></span> <span class='ocrx_word' id='word_1_147' title='bbox 1052 1916 1174 1964; x_wconf 88' lang='lat' dir='ltr'><strong>ultra</strong></span> <span class='ocrx_word' id='word_1_148' title='bbox 1195 1933 1363 1963; x_wconf 91' lang='lat' dir='ltr'><strong>eorum</strong></span> <span class='ocrx_word' id='word_1_149' title='bbox 1386 1915 1593 1981; x_wconf 90' lang='lat' dir='ltr'><strong>perferre</strong></span> <span class='ocrx_word' id='word_1_150' title='bbox 1616 1915 1883 1970; x_wconf 87' lang='lat' dir='ltr'><strong>vesaniam,</strong></span> 
     </span>
     <span class='ocr_line' id='line_1_22' title="bbox 470 1991 1890 2058; baseline -0.001 -19"><span class='ocrx_word' id='word_1_151' title='bbox 470 1993 642 2039; x_wconf 87' lang='lat' dir='ltr'><strong>iterum</strong></span> <span class='ocrx_word' id='word_1_152' title='bbox 655 1993 1008 2058; x_wconf 84' lang='lat' dir='ltr'><strong>expeditionem</strong></span> <span class='ocrx_word' id='word_1_153' title='bbox 1022 1992 1247 2052; x_wconf 87' lang='lat' dir='ltr'><strong>validam,</strong></span> <span class='ocrx_word' id='word_1_154' title='bbox 1265 1992 1327 2039; x_wconf 93' lang='lat' dir='ltr'><strong>ad</strong></span> <span class='ocrx_word' id='word_1_155' title='bbox 1343 1991 1708 2039; x_wconf 83' lang='lat' dir='ltr'><strong>contundendas</strong></span> <span class='ocrx_word' id='word_1_156' title='bbox 1719 2008 1890 2038; x_wconf 89' lang='lat' dir='ltr'><strong>eorum</strong></span> 
     </span>
     <span class='ocr_line' id='line_1_23' title="bbox 473 2067 1889 2134; baseline 0 -18"><span class='ocrx_word' id='word_1_157' title='bbox 473 2071 732 2134; x_wconf 87' lang='lat' dir='ltr'><strong>nequitias,</strong></span> <span class='ocrx_word' id='word_1_158' title='bbox 767 2071 993 2117; x_wconf 89' lang='lat' dir='ltr'><strong>adversus</strong></span> <span class='ocrx_word' id='word_1_159' title='bbox 1016 2086 1098 2116; x_wconf 93' lang='lat' dir='ltr'><strong>eos</strong></span> <span class='ocrx_word' id='word_1_160' title='bbox 1119 2078 1393 2134; x_wconf 86' lang='lat' dir='ltr'><strong>coegerunt.</strong></span> <span class='ocrx_word' id='word_1_161' title='bbox 1427 2072 1484 2116; x_wconf 92' lang='lat' dir='ltr'><strong>Et</strong></span> <span class='ocrx_word' id='word_1_162' title='bbox 1508 2068 1663 2117; x_wconf 89' lang='lat' dir='ltr'><strong>eidem</strong></span> <span class='ocrx_word' id='word_1_163' title='bbox 1693 2067 1889 2132; x_wconf 88' lang='lat' dir='ltr'><strong>quidem</strong></span> 
     </span>
     <span class='ocr_line' id='line_1_24' title="bbox 473 2146 1891 2212; baseline -0.001 -19"><span class='ocrx_word' id='word_1_164' title='bbox 473 2147 540 2194; x_wconf 92' lang='lat' dir='ltr'><strong>illi</strong></span> <span class='ocrx_word' id='word_1_165' title='bbox 576 2147 893 2195; x_wconf 89' lang='lat' dir='ltr'><strong>illustrissimo</strong></span> <span class='ocrx_word' id='word_1_166' title='bbox 931 2147 1178 2212; x_wconf 91' lang='lat' dir='ltr'><strong>Philippo,</strong></span> <span class='ocrx_word' id='word_1_167' title='bbox 1214 2147 1314 2210; x_wconf 88' lang='lat' dir='ltr'><strong>jam</strong></span> <span class='ocrx_word' id='word_1_168' title='bbox 1347 2146 1529 2193; x_wconf 90' lang='lat' dir='ltr'><strong>morbis</strong></span> <span class='ocrx_word' id='word_1_169' title='bbox 1563 2162 1619 2194; x_wconf 92' lang='lat' dir='ltr'><strong>ac</strong></span> <span class='ocrx_word' id='word_1_170' title='bbox 1650 2154 1891 2193; x_wconf 89' lang='lat' dir='ltr'><strong>senectute</strong></span> 
     </span>
     <span class='ocr_line' id='line_1_25' title="bbox 474 2223 1893 2290; baseline -0.001 -17"><span class='ocrx_word' id='word_1_171' title='bbox 474 2225 696 2289; x_wconf 87' lang='lat' dir='ltr'><strong>confecto</strong></span> <span class='ocrx_word' id='word_1_172' title='bbox 711 2262 723 2284; x_wconf 95' lang='lat'><strong>,</strong></span> <span class='ocrx_word' id='word_1_173' title='bbox 759 2241 859 2272; x_wconf 91' lang='lat' dir='ltr'><strong>non</strong></span> <span class='ocrx_word' id='word_1_174' title='bbox 886 2226 997 2272; x_wconf 88' lang='lat' dir='ltr'><strong>satis</strong></span> <span class='ocrx_word' id='word_1_175' title='bbox 1021 2225 1107 2272; x_wconf 90' lang='lat' dir='ltr'><strong>fuit</strong></span> <span class='ocrx_word' id='word_1_176' title='bbox 1129 2225 1254 2272; x_wconf 90' lang='lat' dir='ltr'><strong>hanc</strong></span> <span class='ocrx_word' id='word_1_177' title='bbox 1272 2262 1285 2286; x_wconf 95' lang='lat'><strong>,</strong></span> <span class='ocrx_word' id='word_1_178' title='bbox 1311 2225 1380 2272; x_wconf 92' lang='lat' dir='ltr'><strong>uti</strong></span> <span class='ocrx_word' id='word_1_179' title='bbox 1404 2223 1724 2290; x_wconf 73' lang='lat' dir='ltr'><strong>praecedentes</strong></span> <span class='ocrx_word' id='word_1_180' title='bbox 1748 2234 1893 2288; x_wconf 75' lang='lat' dir='ltr'><strong>expe-</strong></span> 
     </span>
     <span class='ocr_line' id='line_1_26' title="bbox 475 2300 1895 2366; baseline -0.001 -17"><span class='ocrx_word' id='word_1_181' title='bbox 475 2302 699 2363; x_wconf 89' lang='lat' dir='ltr'><strong>ditiones,</strong></span> <span class='ocrx_word' id='word_1_182' title='bbox 726 2302 824 2350; x_wconf 85' lang='lat' dir='ltr'><strong>filio</strong></span> <span class='ocrx_word' id='word_1_183' title='bbox 848 2302 1119 2350; x_wconf 86' lang='lat' dir='ltr'><strong>ducendam</strong></span> <span class='ocrx_word' id='word_1_184' title='bbox 1136 2303 1454 2360; x_wconf 88' lang='lat' dir='ltr'><strong>committere,</strong></span> <span class='ocrx_word' id='word_1_185' title='bbox 1476 2302 1568 2349; x_wconf 89' lang='lat' dir='ltr'><strong>nisi</strong></span> <span class='ocrx_word' id='word_1_186' title='bbox 1584 2300 1895 2366; x_wconf 88' lang='lat' dir='ltr'><strong>personaliter</strong></span> 
     </span>
     <span class='ocr_line' id='line_1_27' title="bbox 478 2376 1895 2445; baseline -0.003 -18"><span class='ocrx_word' id='word_1_187' title='bbox 478 2380 620 2427; x_wconf 87' lang='lat' dir='ltr'><strong>etiam</strong></span> <span class='ocrx_word' id='word_1_188' title='bbox 643 2381 844 2445; x_wconf 90' lang='lat' dir='ltr'><strong>ipsemet</strong></span> <span class='ocrx_word' id='word_1_189' title='bbox 866 2379 1021 2427; x_wconf 87' lang='lat' dir='ltr'><strong>eidem</strong></span> <span class='ocrx_word' id='word_1_190' title='bbox 1043 2380 1304 2427; x_wconf 88' lang='lat' dir='ltr'><strong>interesset.</strong></span> <span class='ocrx_word' id='word_1_191' title='bbox 1344 2381 1467 2426; x_wconf 93' lang='lat' dir='ltr'><strong>Cum</strong></span> <span class='ocrx_word' id='word_1_192' title='bbox 1498 2378 1627 2426; x_wconf 90' lang='lat' dir='ltr'><strong>enim</strong></span> <span class='ocrx_word' id='word_1_193' title='bbox 1656 2377 1746 2442; x_wconf 89' lang='lat' dir='ltr'><strong>ipsi</strong></span> <span class='ocrx_word' id='word_1_194' title='bbox 1779 2376 1895 2424; x_wconf 88' lang='lat' dir='ltr'><strong>fatui</strong></span> 
     </span>
    </p>
   </div>
   <div class='ocr_carea' id='block_1_3' title="bbox 474 2551 1899 2903">
    <p class='ocr_par' dir='ltr' id='par_1_3' title="bbox 474 2551 1898 2720">
     <span class='ocr_line' id='line_1_28' title="bbox 531 2551 1898 2603; baseline 0 -15"><span class='ocrx_word' id='word_1_195' title='bbox 531 2553 570 2590; x_wconf 84' lang='grc'><strong>1.</strong></span> <span class='ocrx_word' id='word_1_196' title='bbox 601 2551 829 2589; x_wconf 75' lang='lat' dir='ltr'><strong>Renensibus</strong></span> <span class='ocrx_word' id='word_1_197' title='bbox 854 2551 948 2590; x_wconf 89' lang='lat' dir='ltr'><strong>dans</strong></span> <span class='ocrx_word' id='word_1_198' title='bbox 966 2552 1003 2590; x_wconf 86' lang='lat' dir='ltr'><strong>le</strong></span> <span class='ocrx_word' id='word_1_199' title='bbox 1022 2565 1094 2590; x_wconf 90' lang='lat' dir='ltr'><strong>ms.</strong></span> <span class='ocrx_word' id='word_1_200' title='bbox 1124 2555 1287 2603; x_wconf 86' lang='lat' dir='ltr'><strong>Jacques</strong></span> <span class='ocrx_word' id='word_1_201' title='bbox 1306 2551 1496 2602; x_wconf 85' lang='lat' dir='ltr'><strong>Duclercq</strong></span> <span class='ocrx_word' id='word_1_202' title='bbox 1517 2551 1663 2590; x_wconf 77' lang='lat' dir='ltr'><strong>enonce</strong></span> <span class='ocrx_word' id='word_1_203' title='bbox 1681 2557 1898 2603; x_wconf 80' lang='lat' dir='ltr'><strong>autrement</strong></span> 
     </span>
     <span class='ocr_line' id='line_1_29' title="bbox 474 2608 1896 2663; baseline -0.001 -14"><span class='ocrx_word' id='word_1_204' title='bbox 474 2619 575 2659; x_wconf 76' lang='lat' dir='ltr'><strong>cette</strong></span> <span class='ocrx_word' id='word_1_205' title='bbox 593 2611 754 2649; x_wconf 87' lang='lat' dir='ltr'><strong>amende</strong></span> <span class='ocrx_word' id='word_1_206' title='bbox 766 2642 776 2659; x_wconf 89' lang='lat'><strong>,</strong></span> <span class='ocrx_word' id='word_1_207' title='bbox 798 2611 923 2649; x_wconf 87' lang='lat' dir='ltr'><strong>disant</strong></span> <span class='ocrx_word' id='word_1_208' title='bbox 942 2612 1085 2662; x_wconf 89' lang='lat' dir='ltr'><strong>qu&#39;elle</strong></span> <span class='ocrx_word' id='word_1_209' title='bbox 1106 2613 1163 2650; x_wconf 90' lang='lat' dir='ltr'><strong>sut</strong></span> <span class='ocrx_word' id='word_1_210' title='bbox 1183 2612 1230 2650; x_wconf 88' lang='lat' dir='ltr'><strong>de</strong></span> <span class='ocrx_word' id='word_1_211' title='bbox 1255 2613 1333 2650; x_wconf 89' lang='grc'><strong>600</strong></span> <span class='ocrx_word' id='word_1_212' title='bbox 1349 2613 1426 2650; x_wconf 89' lang='grc'><strong>000</strong></span> <span class='ocrx_word' id='word_1_213' title='bbox 1446 2611 1594 2650; x_wconf 88' lang='lat' dir='ltr'><strong>mailles</strong></span> <span class='ocrx_word' id='word_1_214' title='bbox 1613 2610 1697 2648; x_wconf 86' lang='lat' dir='ltr'><strong>d’or</strong></span> <span class='ocrx_word' id='word_1_215' title='bbox 1714 2608 1896 2663; x_wconf 74' lang='lat' dir='ltr'><strong>payables</strong></span> 
     </span>
     <span class='ocr_line' id='line_1_30' title="bbox 481 2672 1237 2720; baseline -0.003 -10"><span class='ocrx_word' id='word_1_216' title='bbox 481 2685 530 2710; x_wconf 83' lang='lat' dir='ltr'><strong>en</strong></span> <span class='ocrx_word' id='word_1_217' title='bbox 549 2672 607 2709; x_wconf 88' lang='lat' dir='ltr'><strong>six</strong></span> <span class='ocrx_word' id='word_1_218' title='bbox 626 2684 708 2710; x_wconf 84' lang='lat' dir='ltr'><strong>ans.</strong></span> <span class='ocrx_word' id='word_1_219' title='bbox 731 2674 951 2718; x_wconf 63' lang='lat' dir='ltr'><strong>Memoires,</strong></span> <span class='ocrx_word' id='word_1_220' title='bbox 971 2672 998 2710; x_wconf 90' lang='lat' dir='ltr'><strong>l.</strong></span> <span class='ocrx_word' id='word_1_221' title='bbox 1021 2675 1068 2720; x_wconf 92' lang='lat' dir='ltr'><strong>V,</strong></span> <span class='ocrx_word' id='word_1_222' title='bbox 1089 2672 1152 2710; x_wconf 91' lang='lat' dir='ltr'><strong>ch.</strong></span> <span class='ocrx_word' id='word_1_223' title='bbox 1175 2686 1237 2709; x_wconf 70' lang='grc' dir='ltr'><strong>ιν.</strong></span> 
     </span>
    </p>

    <p class='ocr_par' dir='ltr' id='par_1_4' title="bbox 479 2729 1899 2903">
     <span class='ocr_line' id='line_1_31' title="bbox 535 2729 1899 2782; baseline -0.002 -13"><span class='ocrx_word' id='word_1_224' title='bbox 535 2734 573 2770; x_wconf 76' lang='lat'><strong>2.</strong></span> <span class='ocrx_word' id='word_1_225' title='bbox 606 2734 658 2769; x_wconf 88' lang='lat' dir='ltr'><strong>Le</strong></span> <span class='ocrx_word' id='word_1_226' title='bbox 676 2733 726 2768; x_wconf 76' lang='lat'><strong>22</strong></span> <span class='ocrx_word' id='word_1_227' title='bbox 743 2731 896 2778; x_wconf 81' lang='lat' dir='ltr'><strong>janvier</strong></span> <span class='ocrx_word' id='word_1_228' title='bbox 915 2733 1034 2769; x_wconf 73' lang='lat'>1466.</span> <span class='ocrx_word' id='word_1_229' title='bbox 1057 2735 1130 2769; x_wconf 88' lang='lat' dir='ltr'><strong>Les</strong></span> <span class='ocrx_word' id='word_1_230' title='bbox 1149 2731 1280 2770; x_wconf 89' lang='lat' dir='ltr'><strong>lettres</strong></span> <span class='ocrx_word' id='word_1_231' title='bbox 1304 2731 1352 2768; x_wconf 88' lang='lat' dir='ltr'><strong>de</strong></span> <span class='ocrx_word' id='word_1_232' title='bbox 1379 2730 1615 2782; x_wconf 80' lang='lat' dir='ltr'><strong>pacification</strong></span> <span class='ocrx_word' id='word_1_233' title='bbox 1639 2729 1810 2768; x_wconf 73' lang='lat' dir='ltr'><strong>donnees</strong></span> <span class='ocrx_word' id='word_1_234' title='bbox 1827 2741 1899 2781; x_wconf 85' lang='lat' dir='ltr'><strong>par</strong></span> 
     </span>
     <span class='ocr_line' id='line_1_32' title="bbox 479 2788 1896 2843; baseline -0.004 -13"><span class='ocrx_word' id='word_1_235' title='bbox 479 2792 516 2830; x_wconf 88' lang='lat' dir='ltr'><strong>le</strong></span> <span class='ocrx_word' id='word_1_236' title='bbox 538 2800 663 2830; x_wconf 89' lang='lat' dir='ltr'><strong>comte</strong></span> <span class='ocrx_word' id='word_1_237' title='bbox 688 2791 736 2829; x_wconf 89' lang='lat' dir='ltr'><strong>de</strong></span> <span class='ocrx_word' id='word_1_238' title='bbox 755 2791 950 2829; x_wconf 85' lang='lat' dir='ltr'><strong>Charolais</strong></span> <span class='ocrx_word' id='word_1_239' title='bbox 963 2822 972 2839; x_wconf 94' lang='lat'><strong>,</strong></span> <span class='ocrx_word' id='word_1_240' title='bbox 999 2791 1036 2830; x_wconf 89' lang='lat' dir='ltr'><strong>le</strong></span> <span class='ocrx_word' id='word_1_241' title='bbox 1055 2794 1106 2828; x_wconf 66' lang='lat'><strong>24</strong></span> <span class='ocrx_word' id='word_1_242' title='bbox 1122 2822 1132 2840; x_wconf 92' lang='lat'>‚</span> <span class='ocrx_word' id='word_1_243' title='bbox 1157 2805 1205 2829; x_wconf 88' lang='lat' dir='ltr'><strong>au</strong></span> <span class='ocrx_word' id='word_1_244' title='bbox 1225 2792 1397 2843; x_wconf 82' lang='lat' dir='ltr'><strong>quartier</strong></span> <span class='ocrx_word' id='word_1_245' title='bbox 1412 2790 1567 2843; x_wconf 76' lang='lat' dir='ltr'><strong>general</strong></span> <span class='ocrx_word' id='word_1_246' title='bbox 1597 2790 1646 2828; x_wconf 92' lang='lat' dir='ltr'><strong>de</strong></span> <span class='ocrx_word' id='word_1_247' title='bbox 1669 2788 1896 2834; x_wconf 78' lang='lat' dir='ltr'><strong>Vichtmale,</strong></span> 
     </span>
     <span class='ocr_line' id='line_1_33' title="bbox 482 2848 1896 2903; baseline -0.004 -14"><span class='ocrx_word' id='word_1_248' title='bbox 482 2860 568 2889; x_wconf 83' lang='lat' dir='ltr'><strong>sont</strong></span> <span class='ocrx_word' id='word_1_249' title='bbox 587 2850 806 2903; x_wconf 72' lang='lat' dir='ltr'><strong>imprimees</strong></span> <span class='ocrx_word' id='word_1_250' title='bbox 827 2850 921 2889; x_wconf 90' lang='lat' dir='ltr'><strong>dans</strong></span> <span class='ocrx_word' id='word_1_251' title='bbox 941 2850 1102 2902; x_wconf 82' lang='lat' dir='ltr'><strong>Lenglet</strong></span> <span class='ocrx_word' id='word_1_252' title='bbox 1122 2851 1356 2903; x_wconf 79' lang='lat' dir='ltr'><strong>Dufresnoy,</strong></span> <span class='ocrx_word' id='word_1_253' title='bbox 1377 2851 1600 2895; x_wconf 80' lang='lat' dir='ltr'><strong>commines,</strong></span> <span class='ocrx_word' id='word_1_254' title='bbox 1619 2857 1648 2889; x_wconf 83' lang='lat' dir='ltr'><strong>t.</strong></span> <span class='ocrx_word' id='word_1_255' title='bbox 1667 2850 1726 2897; x_wconf 85' lang='lat'><strong>11,</strong></span> <span class='ocrx_word' id='word_1_256' title='bbox 1746 2861 1786 2899; x_wconf 87' lang='lat' dir='ltr'><strong>p.</strong></span> <span class='ocrx_word' id='word_1_257' title='bbox 1805 2848 1875 2886; x_wconf 81' lang='lat'><strong>571</strong></span> <span class='ocrx_word' id='word_1_258' title='bbox 1887 2875 1896 2884; x_wconf 93' lang='lat'>.</span> 
     </span>
    </p>
   </div>
  </div>
 </body>
</html>
