2054 3470
753 339 899 376 unm
924 337 1152 386 Qumrns.
1584 339 1657 377 397

251 429 423 494 suique
451 427 659 490 domini,
699 425 1014 490 Lothaiingiae
1057 424 1192 472 ducis
1207 462 1222 487 ‚
1252 426 1331 473 cui
1372 442 1421 473 se
1454 424 1658 473 militare

249 504 407 553 aiebat
423 540 437 565 ‚
463 504 680 568 redigens
701 511 1001 568 potestatem.
1192 516 1197 517 ⁷

313 584 484 629 Fuerat
506 590 666 630 autem
687 578 1000 642 Lotharingiae
1022 577 1120 625 dux
1143 579 1255 625 satis
1273 577 1356 625 diu
1378 579 1427 625 in
1441 582 1653 639 Franma,

250 675 363 706 cum
383 675 412 706 a
432 656 825 721 Burgundionum
854 655 976 702 duce
1005 670 1115 702 suas
1139 664 1288 702 terras
1318 656 1511 719 aggredi
1542 673 1660 702 sen-

250 736 397 783 sisset.
425 734 518 782 Sed
542 733 627 781 ubi
649 751 676 781 a
698 750 806 798 rege
839 736 1131 780 Francorum
1174 732 1307 780 nulla
1331 733 1662 780 subventionis

248 829 299 860 se
316 811 545 876 consequi
563 811 737 859 auxilia
758 811 975 874 agnovit,
999 809 1060 857 ad
1076 810 1314 858 Suitenses
1329 820 1375 858 et
1394 813 1661 859 Germanos

248 906 298 937 se
318 888 520 937 contulit
542 898 590 935 et
609 888 840 953 adjunxit.
871 891 992 935 Cum
1024 888 1381 953 quadringentis
1409 890 1538 936 enim
1566 890 1661 938 cir-

247 967 378 1026 citer!
396 965 662 1031 equitibus,
693 982 749 1012 ex
777 966 1037 1031 Campania
1060 967 1109 1012 in
1138 982 1274 1014 suam
1304 966 1660 1031 Lotharingiam

247 1053 295 1091 et
310 1081 324 1106 ‚
348 1061 434 1109 per
455 1060 561 1091 eam
579 1079 592 1103 ‚
617 1043 666 1090 in
684 1043 989 1090 Germaniam
1015 1052 1062 1090 et
1084 1043 1373 1090 Suitensiurn
1398 1053 1547 1092 terras
1569 1046 1658 1092 mi-

248 1122 415 1184 gravit.
441 1121 546 1168 Fuit
580 1130 742 1168 autem
773 1120 1040 1168 conductus
1060 1137 1212 1184 usque
1239 1120 1299 1168 ad
1323 1122 1661 1169 Sanctum-Ni-

247 1198 461 1246 colaum¹
482 1215 567 1264 per
588 1214 741 1258 unum
764 1197 1124 1262 capitaneorum
1148 1197 1310 1262 regis’,
1338 1198 1524 1245 circiter
1547 1215 1659 1246 cum

248 1285 442 1322 centum
458 1275 671 1335 lanceis‘,
694 1275 840 1340 quise
855 1275 1017 1322 locum
1033 1276 1208 1341 ipsum,
1230 1292 1331 1322 non
1355 1275 1660 1323 conducendi

248 1352 421 1401 ducem
448 1353 604 1419 ipsum
625 1391 638 1415 ,
676 1352 761 1400 sed
794 1352 955 1400 solum
971 1353 1367 1417 peregrinationis
1394 1369 1536 1400 causa
1555 1389 1567 1413 ‚
1610 1370 1660 1400 se

248 1430 329 1478 illo
354 1431 604 1479 accessisse
635 1429 907 1494 fingebant,
941 1447 1003 1477 ne
1029 1431 1079 1477 in
1110 1430 1438 1495 praejudicium
1470 1441 1658 1495 treuga·

247 1524 355 1555 rum
378 1508 668 1556 currentium
690 1508 814 1554 inter
830 1523 990 1571 regem
1012 1516 1059 1554 et
1074 1506 1247 1554 ducem
1265 1507 1659 1572 Burgundionum

248 1585 510 1650 quidquam
540 1595 769 1632 attentare
789 1584 1078 1635 dicerentur.
1107 1587 1174 1630 Ex
1197 1586 1372 1632 Sancto
1394 1595 1555 1632 autem
1578 1586 1659 1633 Ni-

248 1661 386 1708 colao
412 1661 501 1709 fuit
524 1662 653 1709 idem
682 1661 780 1708 dux
814 1662 1072 1709 associatus
1108 1678 1196 1727 per
1228 1663 1475 1727 praefatum
1514 1663 1660 1710 comi·

224 1748 345 1803 ⁸tem
367 1738 428 1786 de
451 1739 616 1786 Bisclze
630 1774 644 1799 ,
670 1749 718 1786 et
736 1739 1042 1802 Argentinam
1064 1739 1272 1804 primum
1294 1757 1344 1787 se
1366 1740 1584 1800 contulit,
1612 1751 1659 1788 et

246 1815 418 1863 exinde
438 1816 683 1873 Basiieam,
713 1816 774 1863 ad
794 1816 1032 1862 Suitenses
1053 1832 1203 1880 usque
1221 1817 1520 1881 perveniens.

311 1892 553 1941 Favebant
583 1902 743 1940 autem
780 1892 870 1940 sibi
903 1909 1071 1940 omnes
1094 1894 1320 1941 Germani
1352 1902 1400 1940 et
1428 1893 1489 1941 de
1510 1894 1658 1959 ipsius

245 1975 525 2023 laetabantur
550 1976 782 2037 adventu,
808 1992 867 2023 eo
885 1975 1019 2040 quod
1033 2012 1046 2035 ‚
1068 1975 1477 2039 quemadmodum
1501 1986 1547 2023 et
1569 1977 1659 2041 ipsi

247 2052 309 2100 ad
344 2053 739 2116 Burgundionum
774 2053 976 2114 ducem,
1013 2053 1141 2100 velut
1174 2070 1483 2101 communem
1514 2056 1659 2102 totius

247 2129 513 2176 Germaniae
540 2128 727 2175 hostem
741 2163 754 2185 ,
782 2130 883 2194 ipse
905 2129 1048 2176 etiam
1073 2128 1184 2176 odia
1207 2139 1254 2176 et
1275 2129 1544 2178 inimicitias
1567 2130 1656 2178 ob-

246 2212 484 2265 servaret3
523 2203 652 2250 unde
687 2214 733 2251 et
769 2205 869 2269 ipse
908 2222 1018 2251 cum
1043 2205 1111 2252 eis
1150 2205 1200 2251 in
1231 2206 1393 2271 praelio
1428 2206 1510 2253 illo
1533 2208 1659 2254 circa

246 2282 493 2330 castellum
517 2284 682 2327 Morat
701 2279 867 2340 adfuit,
909 2290 955 2328 et
988 2290 1190 2328 strenue
1213 2291 1312 2329 tam
1341 2282 1477 2330 ducis
1510 2301 1656 2348 quarn

247 2359 407 2407 militis
428 2357 583 2405 officia
602 2357 757 2420 gessit.

311 2435 484 2500 Atqui,
511 2451 623 2482 cum
660 2433 755 2480 illic
781 2434 882 2498 ipse
905 2450 1017 2480 cum
1051 2434 1347 2482 Suitensibus
1382 2447 1430 2484 et
1458 2439 1657 2484 Germa-

302 2594 319 2629 1
331 2620 340 2628 .
368 2591 646 2638 saint-Nicolas
669 2591 722 2629 du
738 2593 844 2637 Port‚
867 2592 889 2628 a
907 2589 1000 2627 trois
1018 2589 1139 2628 lienes
1157 2604 1206 2629 au
1227 2590 1312 2630 dela
1332 2592 1381 2631 de
1400 2595 1546 2643 Nancy.

300 2652 340 2689 2.
371 2654 425 2689 La
439 2650 660 2701 Chronique
678 2650 726 2688 de
744 2649 929 2688 Lorraine
948 2649 1112 2688 attribue
1134 2659 1231 2689 cette
1249 2652 1493 2690 commission
1516 2656 1537 2689 a
1556 2652 1657 2690 deux

247 2708 471 2759 capitaines‚
488 2707 545 2746 les
560 2708 758 2760 seigneurs
771 2708 819 2746 de
840 2708 876 2746 la
894 2708 1060 2746 Pinache
1077 2717 1115 2747 et
1129 2709 1375 2762 d'Abegney3
1396 2711 1491 2748 mais
1510 2724 1553 2749 ce
1572 2720 1658 2749 sont

247 2767 315 2805 des
329 2781 440 2806 noms
459 2780 698 2817 corrompus.
720 2770 825 2805 Dans
839 2770 888 2805 D.
911 2767 1072 2815 Calmet‚
1087 2776 1115 2806 t.
1137 2771 1208 2818 111,
1231 2783 1310 2820 pr.‚
1331 2770 1405 2807 col.
1425 2769 1547 2818 lxviij.

302 2829 342 2868 3.
371 2829 516 2876 Quatre
534 2835 638 2865 cents
657 2827 800 2874 lances,
823 2827 929 2864 selon
950 2827 986 2864 la
1003 2827 1224 2878 Chronique
1243 2828 1292 2866 de
1311 2828 1506 2867 Lorraine.
