2054 3470
378 343 455 380 320
738 345 1079 384 HISTORIARUM
1108 347 1344 387 LUDOVICI
1371 349 1428 386 XI

373 430 576 478 aliorum
605 431 925 496 oppidorum,
952 443 1006 480 ut
1033 435 1305 500 Sutphaniae
1333 446 1380 482 et
1402 436 1463 483 de
1486 439 1694 484 Arnem¹
1705 449 1791 497 ,et

372 508 692 573 reliquorum,
716 509 801 573 qui
824 526 873 556 se
897 520 944 557 et
967 528 1074 559 suas
1098 513 1389 560 munitiones
1413 514 1598 578 longe'
1585 532 1791 581 lmpares

372 585 432 632 ad
454 586 771 632 resistendum
805 588 1267 652 Noviomagensibus
1290 590 1620 638 existimabant
1632 594 1791 657 ,peri-

372 662 490 710 culis
514 663 777 728 prudenter
799 663 990 711 obviam
1014 676 1182 713 euntes
1198 667 1385 731 ,pactis
1405 667 1544 714 certis
1568 669 1793 732 pecunia·

370 755 478 786 rum
513 740 710 787 summis
732 739 793 787 ad
829 750 984 788 certos
1023 744 1253 790 terminos
1288 744 1614 805 exsolvendis,
1649 747 1791 795 etiam

371 815 460 862 sub
480 827 758 882 potestatem
777 817 989 881 ejusdem
1014 819 1406 882 Burgundionum
1435 821 1569 869 ducis
1592 824 1791 871 transie-

371 905 504 957 runt,
530 896 862 960 promittentes
883 896 944 943 ab
967 913 1025 943 eo
1050 898 1330 962 imperanda
1347 898 1576 964 perficere
1593 910 1639 947 et
1659 918 1791 948 com-

370 972 519 1037 plere.
549 976 725 1020 Tantus
746 989 863 1020 vero
885 983 1040 1020 metus
1073 984 1320 1039 terrorque
1347 977 1556 1024 nominis
1580 980 1791 1041 Burgun-

371 1049 572 1116 dionum
608 1049 771 1111 ducis,
811 1050 1063 1097 Frisonum
1102 1060 1250 1098 terras
1293 1052 1564 1118 vicinasque
1598 1063 1789 1103 caeteras

370 1117 606 1175 invaserat
623 1127 797 1192 ,quod
830 1128 1070 1192 profectO,
1098 1130 1135 1176 si
1166 1129 1247 1177 illo
1277 1131 1669 1195 Burgundionum
1697 1150 1789 1180 co—

371 1207 458 1271 piae
491 1206 872 1264 descendissent,
899 1223 999 1253 non
1022 1207 1154 1254 aliud
1175 1209 1393 1255 aestimari
1427 1219 1615 1274 poterat
1643 1226 1788 1274 quam

370 1283 503 1348 quod
526 1285 771 1345 Frisones,
799 1300 920 1348 quos
953 1283 1013 1330 ab
1043 1285 1242 1349 antiquo
1266 1287 1504 1352 principes
1527 1287 1789 1335 Hollandiae

370 1362 443 1409 sui
459 1362 580 1425 juris
603 1378 705 1409 esse
727 1360 1052 1427 praetendunt,
1080 1361 1295 1409 similiter
1318 1373 1370 1410 ut
1400 1363 1467 1410 illi
1489 1363 1549 1411 de
1573 1364 1785 1422 Geldria,

370 1438 521 1485 facere
543 1438 838 1486 deditionem
863 1448 911 1485 et
930 1438 1175 1503 imperatis
1204 1455 1372 1504 parere
1396 1441 1789 1505 Burgundionum

371 1515 505 1562 ducis
544 1515 845 1563 obtulissent.
873 1519 1042 1563 Fuerat
1078 1517 1208 1563 enim
1240 1527 1339 1564 tota
1370 1517 1448 1564 illa
1481 1528 1612 1566 aestas
1646 1536 1788 1584 supra

369 1593 567 1639 solitum
597 1592 751 1639 calida
781 1602 829 1639 et
866 1593 990 1639 sicca
1006 1629 1019 1653 ,
1047 1609 1196 1657 usque
1230 1611 1444 1641 mensem
1468 1595 1700 1655 octobris,
1726 1595 1789 1643 ita

371 1678 421 1714 ut
456 1669 587 1716 fossae
623 1679 668 1715 et
699 1685 890 1733 aggeres
921 1668 1247 1734 palustresque
1287 1671 1539 1718 Frisonum
1577 1673 1701 1736 agri,
1738 1673 1786 1719 in

368 1745 543 1809 quibus
580 1757 749 1794 contra
786 1747 997 1794 hostium
1038 1747 1253 1794 incursus
1297 1748 1501 1796 maxime
1545 1748 1788 1796 confidere

369 1823 549 1882 solent,
573 1825 641 1871 eis
663 1825 764 1872 fore
780 1824 955 1872 auxilio
971 1825 1168 1872 minime
1185 1826 1466 1889 potuissent.
1490 1829 1637 1873 Erant
1657 1826 1787 1873 enim

369 1911 484 1948 tunc
506 1918 642 1966 paene
671 1903 850 1966 ubique
881 1903 1002 1950 adeo
1037 1903 1183 1967 longo
1219 1902 1332 1949 solis
1355 1912 1467 1949 aestu
1493 1903 1710 1950 exsiccati
1739 1912 1787 1949 et

368 1980 602 2040 indurati,
653 1991 703 2028 ut
739 1998 839 2027 non
884 1980 1033 2028 modo
1062 1981 1272 2045 pedites,
1309 1981 1392 2028 sed
1439 1991 1485 2027 et
1523 1983 1706 2045 equites
1739 1991 1787 2029 et

368 2057 578 2122 plaustra
605 2059 730 2105 sicco
753 2059 948 2121 vestigio
974 2057 1109 2104 facile
1134 2068 1489 2105 sustentassent.

432 2136 754 2180 Verumsscum
784 2150 839 2180 ea
873 2134 1206 2198 opportunitas
1237 2135 1298 2182 ad
1328 2146 1509 2183 tantam
1537 2152 1639 2183 rem
1663 2153 1785 2185 con-

369 2210 622 2259 ficiendam
643 2228 742 2258 sese
765 2210 992 2258 attulisset
1016 2212 1411 2274 Burgundionum
1435 2213 1569 2275 duci,
1595 2223 1698 2260 tum
1719 2215 1780 2263 ad

368 2288 458 2336 alia
492 2288 672 2352 majora
706 2287 953 2349 anhelans,
991 2288 1073 2335 illo
1109 2298 1224 2336 tunc
1255 2290 1492 2355 proficisci
1529 2290 1780 2351 abstinuit,

367 2383 564 2431 remque
585 2366 920 2430 hujuscemodi
943 2367 992 2413 in
1019 2366 1149 2414 aliud
1168 2367 1349 2415 distulit
1369 2379 1570 2434 tempus.

421 2507 439 2544 1
451 2536 459 2544 .
489 2505 666 2558 Zutphen
685 2514 723 2544 et
743 2504 943 2544 Arnheim.
