2054 3470
417 344 492 383 102
773 343 1111 384 msromuum
1137 344 1373 383 LUDOVICI
1400 346 1456 382 xl

814 599 1010 652 LIBER
1055 600 1414 653 SECUNDUS.

757 947 1145 1004 CAPITULUM
1190 946 1468 992 PRIMUM.

410 1082 603 1128 Quomodo
619 1095 736 1118 comes
757 1082 930 1117 Dunensis
951 1082 1073 1117 iterato
1089 1094 1110 1116 a
1129 1094 1210 1129 rege
1225 1081 1291 1116 fuit
1305 1081 1343 1116 in
1357 1081 1574 1116 Britanniam
1592 1082 1733 1127 missus,
1749 1095 1814 1118 nec

459 1139 505 1174 ad
529 1150 611 1175 eum
636 1151 809 1181 reversus3
824 1146 869 1173 'et
886 1137 931 1172 de
957 1137 1162 1184 principum
1183 1137 1284 1183 regni
1305 1137 1485 1172 communi
1512 1138 1755 1185 conjuratione
1781 1147 1816 1172 et

456 1196 625 1238 motione,
645 1203 684 1229 ut
698 1195 836 1230 aiebant
845 1223 854 1241 ,
874 1193 921 1229 ad
936 1195 1151 1241 Reipublicae
1165 1194 1264 1241 reg-ni
1279 1193 1577 1229 instaurationem.

477 1317 729 1377 Postquam
755 1312 896 1375 igitur
924 1311 1142 1371 Carolus,
1171 1309 1326 1357 Caroli
1359 1310 1547 1375 septimi
1569 1308 1693 1358 filius
1721 1310 1814 1360 fra-

412 1401 576 1455 terque
600 1390 826 1437 Ludovici
853 1389 995 1453 regis,
1025 1406 1053 1436 a
1080 1388 1233 1435 fratris
1260 1388 1486 1435 comitatu
1510 1387 1743 1436 abductus
1769 1400 1817 1438 et

409 1468 471 1516 ad
491 1468 663 1515 ducem
679 1467 927 1514 Britanniae
945 1465 1178 1512 adductus
1194 1465 1341 1512 modo
1357 1466 1598 1530 praemisso
1615 1467 1787 1514 exstitit
1798 1502 1812 1527 ,

409 1545 707 1592 Ludovicum
735 1544 1110 1591 vehementiores
1137 1541 1549 1606 apprehenderant
1571 1559 1694 1589 curae
1715 1560 1815 1591 me·

410 1630 579 1686 tusque
602 1631 743 1686 atque
765 1621 1037 1668 anxietates.
1061 1621 1193 1676 Quos
1214 1629 1265 1664 ut
1284 1635 1309 1665 a
1329 1636 1378 1666 se
1397 1610 1615 1667 excutere
1635 1631 1812 1685 posset,

413 1699 606 1746 tentavit
635 1699 806 1745 iterum
830 1696 1053 1745 eumdem
1070 1697 1260 1743 fratrem
1277 1713 1419 1743 suum
1434 1696 1494 1743 ad
1518 1712 1567 1744 se
1590 1713 1814 1746 revocare

409 1786 455 1822 et
493 1776 741 1823 Britanniae
772 1775 944 1821 ducem
977 1773 1065 1820 sibi
1098 1773 1366 1819 conciliare.
1404 1772 1480 1819 Ob
1509 1789 1654 1835 quam
1683 1790 1809 1834 rem,

408 1869 520 1899 cum
529 1853 684 1898 varios
697 1853 888 1898 nuntios
902 1851 1219 1915 epistolasque
1236 1850 1468 1896 incassum
1478 1849 1656 1913 pluries
1670 1860 1815 1897 trans-

410 1929 625 1989 misisset,
642 1929 849 1975 decrevit
865 1928 1025 1975 denuo
1043 1926 1270 1973 illustrem
1281 1926 1504 1972 comitem
1521 1929 1809 1986 Dunensem,

413 2004 472 2051 de
492 2005 732 2052 Britannia
754 2004 814 2050 ad
831 2021 879 2050 se
901 2019 1160 2060 reversum,
1180 2001 1287 2048 licet
1305 2001 1566 2048 arthreticis
1588 2003 1812 2066 passioni·

409 2081 499 2128 bus
532 2091 579 2127 et
612 2081 823 2145 podagra
853 2080 1054 2144 graviter
1084 2078 1404 2136 laborantem,
1442 2078 1521 2126 illo
1552 2078 1809 2140 destinare,

408 2158 703 2220 invitumque
727 2157 849 2216 licet,
875 2156 1030 2218 coegit
1054 2155 1163 2201 illuc
1186 2153 1460 2218 proficisci¹.
1489 2155 1814 2220 Ferebantque

410 2235 629 2281 nonnulli
653 2251 811 2297 regem
835 2233 1178 2280 comminatum
1201 2231 1290 2278 sibi
1318 2231 1451 2294 quod
1475 2231 1535 2278 ab
1563 2248 1621 2278 eo
1650 2250 1814 2297 poenas

410 2308 695 2378 reposceret,
723 2313 811 2358 nisi
833 2311 894 2357 ad
916 2311 1229 2357 intentionem
1253 2326 1387 2355 suam
1408 2308 1659 2357 efficaciter
1678 2312 1814 2359 labo-

410 2399 548 2436 raret.
573 2388 847 2436 AEstimabat
870 2388 1018 2448 enim,
1042 2403 1101 2433 eo
1123 2386 1255 2449 quod
1278 2385 1528 2432 Britanniae
1546 2387 1641 2433 dux
1664 2404 1814 2453 nepos

463 2526 500 2561 1.
531 2525 583 2562 Ce
602 2526 698 2562 n’est
714 2537 780 2574 pas
795 2536 842 2561 en
860 2526 1046 2574 Bretagne
1063 2534 1138 2572 que
1153 2522 1207 2559 fut
1226 2522 1376 2572 envoye
1391 2522 1427 2560 le
1442 2531 1566 2562 comte
1583 2523 1631 2562 de
1649 2525 1811 2575 Dunois,

410 2582 504 2621 mais
537 2596 586 2620 en
619 2583 744 2631 Anjou
760 2613 770 2630 ,
803 2585 854 2620 οὺ
882 2595 958 2620 une
985 2581 1211 2618 conserence
1241 2589 1306 2619 eut
1331 2581 1409 2618 lieu
1439 2590 1546 2620 entre
1571 2583 1648 2631 lui,
1675 2584 1712 2622 le
1739 2584 1814 2623 duc

410 2641 458 2679 de
491 2645 677 2694 Bretagne
715 2650 752 2680 et
792 2642 828 2679 le
862 2642 919 2679 roi
951 2641 999 2678 de
1031 2639 1170 2686 Sicile,
1205 2642 1227 2677 a
1262 2640 1299 2677 la
1321 2640 1678 2689 Roche-au-Duc‚
1718 2643 1813 2681 dans

409 2701 463 2739 les
482 2701 667 2752 premiers
689 2701 796 2749 J'ours
817 2700 952 2738 d’avril
974 2701 1090 2737 1465.
1111 2699 1265 2736 Recueil
1290 2698 1338 2737 de
1357 2699 1486 2738 lettres
1515 2714 1581 2738 sur
1608 2702 1643 2739 la
1675 2715 1813 2754 guerre

408 2759 459 2796 du
489 2760 582 2798 Bien
610 2759 762 2811 public,
795 2759 889 2797 dans
920 2759 974 2796 les
1004 2761 1235 2795 Documents
1264 2757 1421 2803 inedits,
1452 2761 1674 2811 ΜέΙαηςε-ε,
1701 2769 1729 2800 t.
1757 2762 1809 2808 11,

410 2832 449 2869 p.
474 2820 566 2858 21¹.
