<?xml version="1.0" encoding="UTF-8"?>
<!DOCTYPE html PUBLIC "-//W3C//DTD XHTML 1.0 Transitional//EN"
    "http://www.w3.org/TR/xhtml1/DTD/xhtml1-transitional.dtd">
<html xmlns="http://www.w3.org/1999/xhtml" xml:lang="en" lang="en">
 <head>
  <title>
</title>
<meta http-equiv="Content-Type" content="text/html;charset=utf-8" />
  <meta name='ocr-system' content='tesseract 3.04.00' />
  <meta name='ocr-capabilities' content='ocr_page ocr_carea ocr_par ocr_line ocrx_word'/>
</head>
<body>
  <div class='ocr_page' id='page_1' title='image "./histoiredesrgn02basiuoft_0441.png"; bbox 0 0 2054 3470; ppageno 0'>
   <div class='ocr_carea' id='block_1_1' title="bbox 729 334 1646 382">
    <p class='ocr_par' dir='ltr' id='par_1_1' title="bbox 729 334 1646 382">
     <span class='ocr_line' id='line_1_1' title="bbox 729 334 1646 382; baseline 0.004 -12"><span class='ocrx_word' id='word_1_1' title='bbox 729 334 876 371; x_wconf 88' lang='lat' dir='ltr'>LIBER</span> <span class='ocrx_word' id='word_1_2' title='bbox 901 335 1149 382; x_wconf 84' lang='lat' dir='ltr'><strong>QUARTUS.</strong></span> <span class='ocrx_word' id='word_1_3' title='bbox 1571 337 1646 374; x_wconf 81' lang='lat'>357</span> 
     </span>
    </p>
   </div>
   <div class='ocr_carea' id='block_1_2' title="bbox 232 420 1656 2884">
    <p class='ocr_par' dir='ltr' id='par_1_2' title="bbox 232 420 1656 1189">
     <span class='ocr_line' id='line_1_2' title="bbox 237 420 1649 486; baseline 0 -15"><span class='ocrx_word' id='word_1_4' title='bbox 237 433 373 471; x_wconf 86' lang='lat' dir='ltr'>terrae</span> <span class='ocrx_word' id='word_1_5' title='bbox 393 438 636 470; x_wconf 84' lang='lat' dir='ltr'>annonam</span> <span class='ocrx_word' id='word_1_6' title='bbox 659 420 983 486; x_wconf 88' lang='lat' dir='ltr'>pabulumque</span> <span class='ocrx_word' id='word_1_7' title='bbox 1006 420 1293 468; x_wconf 83' lang='lat' dir='ltr'>sufficienter</span> <span class='ocrx_word' id='word_1_8' title='bbox 1314 422 1527 470; x_wconf 90' lang='lat' dir='ltr'>invenire</span> <span class='ocrx_word' id='word_1_9' title='bbox 1549 440 1649 471; x_wconf 92' lang='lat' dir='ltr'>non</span> 
     </span>
     <span class='ocr_line' id='line_1_3' title="bbox 236 498 1651 568; baseline -0.001 -18"><span class='ocrx_word' id='word_1_10' title='bbox 236 511 450 568; x_wconf 87' lang='lat' dir='ltr'>possent,</span> <span class='ocrx_word' id='word_1_11' title='bbox 470 500 603 566; x_wconf 91' lang='lat' dir='ltr'>quod</span> <span class='ocrx_word' id='word_1_12' title='bbox 626 516 653 547; x_wconf 89' lang='lat' dir='ltr'>a</span> <span class='ocrx_word' id='word_1_13' title='bbox 675 499 872 546; x_wconf 88' lang='lat' dir='ltr'>diversis</span> <span class='ocrx_word' id='word_1_14' title='bbox 888 498 1100 564; x_wconf 90' lang='lat' dir='ltr'>partibus</span> <span class='ocrx_word' id='word_1_15' title='bbox 1119 498 1349 547; x_wconf 89' lang='lat' dir='ltr'>deberent</span> <span class='ocrx_word' id='word_1_16' title='bbox 1365 516 1473 547; x_wconf 90' lang='lat' dir='ltr'>suas</span> <span class='ocrx_word' id='word_1_17' title='bbox 1489 502 1651 566; x_wconf 89' lang='lat' dir='ltr'>copias</span> 
     </span>
     <span class='ocr_line' id='line_1_4' title="bbox 235 577 1653 641; baseline 0 -14"><span class='ocrx_word' id='word_1_18' title='bbox 235 579 471 627; x_wconf 85' lang='lat' dir='ltr'>deducere</span> <span class='ocrx_word' id='word_1_19' title='bbox 486 589 534 626; x_wconf 91' lang='lat' dir='ltr'>et</span> <span class='ocrx_word' id='word_1_20' title='bbox 556 594 756 641; x_wconf 87' lang='lat' dir='ltr'>regnum</span> <span class='ocrx_word' id='word_1_21' title='bbox 773 577 964 641; x_wconf 85' lang='lat' dir='ltr'>aggredi</span> <span class='ocrx_word' id='word_1_22' title='bbox 982 580 1276 624; x_wconf 86' lang='lat' dir='ltr'>Francorum</span> <span class='ocrx_word' id='word_1_23' title='bbox 1301 597 1311 623; x_wconf 92' lang='lat'><strong>:</strong></span> <span class='ocrx_word' id='word_1_24' title='bbox 1336 595 1419 625; x_wconf 84' lang='lat' dir='ltr'>rex</span> <span class='ocrx_word' id='word_1_25' title='bbox 1434 578 1653 627; x_wconf 83' lang='lat' dir='ltr'>videlicet</span> 
     </span>
     <span class='ocr_line' id='line_1_5' title="bbox 236 653 1652 721; baseline 0.001 -18"><span class='ocrx_word' id='word_1_26' title='bbox 236 657 495 720; x_wconf 85' lang='lat' dir='ltr'>Anglorum</span> <span class='ocrx_word' id='word_1_27' title='bbox 533 671 617 719; x_wconf 88' lang='lat' dir='ltr'>per</span> <span class='ocrx_word' id='word_1_28' title='bbox 653 653 1130 714; x_wconf 87' lang='lat' dir='ltr'>Viromandensium,</span> <span class='ocrx_word' id='word_1_29' title='bbox 1166 655 1476 702; x_wconf 89' lang='lat' dir='ltr'>Suessionum</span> <span class='ocrx_word' id='word_1_30' title='bbox 1510 667 1652 721; x_wconf 85' lang='lat' dir='ltr'>atque</span> 
     </span>
     <span class='ocr_line' id='line_1_6' title="bbox 234 732 1653 799; baseline -0.001 -16"><span class='ocrx_word' id='word_1_31' title='bbox 234 735 619 783; x_wconf 90' lang='lat' dir='ltr'>Laudunensium</span> <span class='ocrx_word' id='word_1_32' title='bbox 642 750 781 798; x_wconf 86' lang='lat' dir='ltr'>agros</span> <span class='ocrx_word' id='word_1_33' title='bbox 795 771 808 795; x_wconf 92' lang='lat'>,</span> <span class='ocrx_word' id='word_1_34' title='bbox 834 732 932 780; x_wconf 86' lang='lat' dir='ltr'>dux</span> <span class='ocrx_word' id='word_1_35' title='bbox 953 749 1067 780; x_wconf 87' lang='lat' dir='ltr'>vero</span> <span class='ocrx_word' id='word_1_36' title='bbox 1083 733 1368 796; x_wconf 85' lang='lat' dir='ltr'>Burgundiae</span> <span class='ocrx_word' id='word_1_37' title='bbox 1383 751 1471 799; x_wconf 92' lang='lat' dir='ltr'>per</span> <span class='ocrx_word' id='word_1_38' title='bbox 1485 734 1653 782; x_wconf 89' lang='lat' dir='ltr'>Lotha-</span> 
     </span>
     <span class='ocr_line' id='line_1_7' title="bbox 234 811 1649 878; baseline -0.001 -17"><span class='ocrx_word' id='word_1_39' title='bbox 234 814 450 878; x_wconf 84' lang='lat' dir='ltr'>ringiam,</span> <span class='ocrx_word' id='word_1_40' title='bbox 483 817 679 860; x_wconf 88' lang='lat' dir='ltr'>Barrum</span> <span class='ocrx_word' id='word_1_41' title='bbox 700 822 747 860; x_wconf 91' lang='lat' dir='ltr'>et</span> <span class='ocrx_word' id='word_1_42' title='bbox 766 811 1076 878; x_wconf 85' lang='lat' dir='ltr'>Campaniam</span> <span class='ocrx_word' id='word_1_43' title='bbox 1095 827 1203 858; x_wconf 89' lang='lat' dir='ltr'>suas</span> <span class='ocrx_word' id='word_1_44' title='bbox 1225 812 1386 876; x_wconf 91' lang='lat' dir='ltr'>copias</span> <span class='ocrx_word' id='word_1_45' title='bbox 1408 813 1649 876; x_wconf 89' lang='lat' dir='ltr'>trajicere,</span> 
     </span>
     <span class='ocr_line' id='line_1_8' title="bbox 233 889 1652 955; baseline 0 -16"><span class='ocrx_word' id='word_1_46' title='bbox 233 892 300 939; x_wconf 91' lang='lat' dir='ltr'>sic</span> <span class='ocrx_word' id='word_1_47' title='bbox 321 891 454 955; x_wconf 90' lang='lat' dir='ltr'>quod</span> <span class='ocrx_word' id='word_1_48' title='bbox 478 890 623 939; x_wconf 88' lang='lat' dir='ltr'>ambo</span> <span class='ocrx_word' id='word_1_49' title='bbox 646 890 878 938; x_wconf 88' lang='lat' dir='ltr'>exercitus</span> <span class='ocrx_word' id='word_1_50' title='bbox 907 889 1038 955; x_wconf 91' lang='lat' dir='ltr'>apud</span> <span class='ocrx_word' id='word_1_51' title='bbox 1068 891 1326 937; x_wconf 83' lang='lat' dir='ltr'>Remorum</span> <span class='ocrx_word' id='word_1_52' title='bbox 1349 890 1521 938; x_wconf 87' lang='lat' dir='ltr'>urbem</span> <span class='ocrx_word' id='word_1_53' title='bbox 1551 908 1652 939; x_wconf 90' lang='lat' dir='ltr'>sese</span> 
     </span>
     <span class='ocr_line' id='line_1_9' title="bbox 234 966 1653 1032; baseline 0.001 -18"><span class='ocrx_word' id='word_1_54' title='bbox 234 968 403 1016; x_wconf 88' lang='lat' dir='ltr'>obvios</span> <span class='ocrx_word' id='word_1_55' title='bbox 429 968 686 1027; x_wconf 84' lang='lat' dir='ltr'>haberent,</span> <span class='ocrx_word' id='word_1_56' title='bbox 711 968 761 1014; x_wconf 87' lang='lat' dir='ltr'>in</span> <span class='ocrx_word' id='word_1_57' title='bbox 785 983 878 1031; x_wconf 85' lang='lat' dir='ltr'>qua</span> <span class='ocrx_word' id='word_1_58' title='bbox 903 966 1163 1031; x_wconf 89' lang='lat' dir='ltr'>Anglorum</span> <span class='ocrx_word' id='word_1_59' title='bbox 1186 983 1268 1014; x_wconf 87' lang='lat' dir='ltr'>rex</span> <span class='ocrx_word' id='word_1_60' title='bbox 1295 983 1345 1015; x_wconf 89' lang='lat' dir='ltr'>se</span> <span class='ocrx_word' id='word_1_61' title='bbox 1375 967 1653 1032; x_wconf 86' lang='lat' dir='ltr'>ungendum</span> 
     </span>
     <span class='ocr_line' id='line_1_10' title="bbox 232 1045 1656 1110; baseline 0.001 -18"><span class='ocrx_word' id='word_1_62' title='bbox 232 1045 281 1092; x_wconf 88' lang='lat' dir='ltr'>in</span> <span class='ocrx_word' id='word_1_63' title='bbox 321 1048 614 1093; x_wconf 82' lang='lat' dir='ltr'>Francorum</span> <span class='ocrx_word' id='word_1_64' title='bbox 650 1061 807 1110; x_wconf 84' lang='lat' dir='ltr'>regem</span> <span class='ocrx_word' id='word_1_65' title='bbox 822 1082 834 1105; x_wconf 93' lang='lat'>,</span> <span class='ocrx_word' id='word_1_66' title='bbox 878 1053 1021 1109; x_wconf 91' lang='lat' dir='ltr'>atque</span> <span class='ocrx_word' id='word_1_67' title='bbox 1065 1054 1305 1108; x_wconf 87' lang='lat' dir='ltr'>sceptrum</span> <span class='ocrx_word' id='word_1_68' title='bbox 1346 1055 1392 1092; x_wconf 87' lang='lat' dir='ltr'>et</span> <span class='ocrx_word' id='word_1_69' title='bbox 1434 1045 1656 1094; x_wconf 88' lang='lat' dir='ltr'>diadema</span> 
     </span>
     <span class='ocr_line' id='line_1_11' title="bbox 233 1121 1487 1189; baseline 0 -19"><span class='ocrx_word' id='word_1_70' title='bbox 233 1124 364 1187; x_wconf 91' lang='lat' dir='ltr'>regni</span> <span class='ocrx_word' id='word_1_71' title='bbox 386 1133 716 1189; x_wconf 89' lang='lat' dir='ltr'>suscepturum</span> <span class='ocrx_word' id='word_1_72' title='bbox 738 1122 934 1188; x_wconf 89' lang='lat' dir='ltr'>putabat</span> <span class='ocrx_word' id='word_1_73' title='bbox 954 1121 1140 1187; x_wconf 90' lang='lat' dir='ltr'>sibique</span> <span class='ocrx_word' id='word_1_74' title='bbox 1162 1122 1487 1187; x_wconf 77' lang='lat' dir='ltr'>promittebat.</span> 
     </span>
    </p>

    <p class='ocr_par' dir='ltr' id='par_1_3' title="bbox 232 1198 1656 2574">
     <span class='ocr_line' id='line_1_12' title="bbox 302 1198 1656 1265; baseline 0 -19"><span class='ocrx_word' id='word_1_75' title='bbox 302 1203 450 1247; x_wconf 88' lang='lat' dir='ltr'>Porro</span> <span class='ocrx_word' id='word_1_76' title='bbox 474 1217 584 1247; x_wconf 89' lang='lat' dir='ltr'>cum</span> <span class='ocrx_word' id='word_1_77' title='bbox 602 1236 614 1258; x_wconf 91' lang='lat'>,</span> <span class='ocrx_word' id='word_1_78' title='bbox 640 1209 837 1265; x_wconf 82' lang='lat' dir='ltr'>accepto</span> <span class='ocrx_word' id='word_1_79' title='bbox 861 1199 1067 1246; x_wconf 90' lang='lat' dir='ltr'>invicem</span> <span class='ocrx_word' id='word_1_80' title='bbox 1083 1198 1310 1260; x_wconf 88' lang='lat' dir='ltr'>consilio,</span> <span class='ocrx_word' id='word_1_81' title='bbox 1331 1199 1391 1246; x_wconf 91' lang='lat' dir='ltr'>ad</span> <span class='ocrx_word' id='word_1_82' title='bbox 1410 1199 1656 1247; x_wconf 87' lang='lat' dir='ltr'>condicto-</span> 
     </span>
     <span class='ocr_line' id='line_1_13' title="bbox 234 1276 1654 1341; baseline 0 -17"><span class='ocrx_word' id='word_1_83' title='bbox 234 1294 341 1325; x_wconf 91' lang='lat' dir='ltr'>rum</span> <span class='ocrx_word' id='word_1_84' title='bbox 355 1277 705 1324; x_wconf 82' lang='lat' dir='ltr'>exsecutionem</span> <span class='ocrx_word' id='word_1_85' title='bbox 724 1287 923 1341; x_wconf 90' lang='lat' dir='ltr'>uterque</span> <span class='ocrx_word' id='word_1_86' title='bbox 942 1293 1110 1323; x_wconf 92' lang='lat' dir='ltr'>eorum</span> <span class='ocrx_word' id='word_1_87' title='bbox 1123 1276 1452 1334; x_wconf 88' lang='lat' dir='ltr'>contenderet,</span> <span class='ocrx_word' id='word_1_88' title='bbox 1480 1286 1528 1324; x_wconf 89' lang='lat' dir='ltr'>et</span> <span class='ocrx_word' id='word_1_89' title='bbox 1550 1278 1654 1324; x_wconf 87' lang='lat' dir='ltr'>vale</span> 
     </span>
     <span class='ocr_line' id='line_1_14' title="bbox 234 1353 1654 1420; baseline -0.001 -18"><span class='ocrx_word' id='word_1_90' title='bbox 234 1354 359 1403; x_wconf 87' lang='lat' dir='ltr'>facto</span> <span class='ocrx_word' id='word_1_91' title='bbox 382 1353 510 1401; x_wconf 89' lang='lat' dir='ltr'>fratri</span> <span class='ocrx_word' id='word_1_92' title='bbox 536 1366 623 1402; x_wconf 91' lang='lat' dir='ltr'>suo</span> <span class='ocrx_word' id='word_1_93' title='bbox 643 1371 732 1420; x_wconf 91' lang='lat' dir='ltr'>pro</span> <span class='ocrx_word' id='word_1_94' title='bbox 755 1371 811 1402; x_wconf 89' lang='lat' dir='ltr'>ea</span> <span class='ocrx_word' id='word_1_95' title='bbox 834 1355 936 1402; x_wconf 91' lang='lat' dir='ltr'>vice</span> <span class='ocrx_word' id='word_1_96' title='bbox 951 1390 963 1413; x_wconf 91' lang='lat'>,</span> <span class='ocrx_word' id='word_1_97' title='bbox 988 1353 1383 1416; x_wconf 86' lang='lat' dir='ltr'>Burgundionum</span> <span class='ocrx_word' id='word_1_98' title='bbox 1405 1354 1504 1401; x_wconf 84' lang='lat' dir='ltr'>dux</span> <span class='ocrx_word' id='word_1_99' title='bbox 1519 1353 1579 1401; x_wconf 89' lang='lat' dir='ltr'>ab</span> <span class='ocrx_word' id='word_1_100' title='bbox 1595 1370 1654 1401; x_wconf 91' lang='lat' dir='ltr'>eo</span> 
     </span>
     <span class='ocr_line' id='line_1_15' title="bbox 234 1431 1656 1497; baseline 0.001 -19"><span class='ocrx_word' id='word_1_101' title='bbox 234 1431 547 1491; x_wconf 89' lang='lat' dir='ltr'>discessisset,</span> <span class='ocrx_word' id='word_1_102' title='bbox 574 1432 718 1497; x_wconf 82' lang='lat' dir='ltr'>coepit</span> <span class='ocrx_word' id='word_1_103' title='bbox 738 1432 902 1497; x_wconf 89' lang='lat' dir='ltr'>copias</span> <span class='ocrx_word' id='word_1_104' title='bbox 924 1447 1044 1497; x_wconf 87' lang='lat' dir='ltr'>quas</span> <span class='ocrx_word' id='word_1_105' title='bbox 1068 1439 1178 1478; x_wconf 87' lang='lat' dir='ltr'>ante</span> <span class='ocrx_word' id='word_1_106' title='bbox 1198 1431 1414 1478; x_wconf 90' lang='lat' dir='ltr'>Nussiam</span> <span class='ocrx_word' id='word_1_107' title='bbox 1435 1447 1656 1495; x_wconf 84' lang='lat' dir='ltr'>aggrega-</span> 
     </span>
     <span class='ocr_line' id='line_1_16' title="bbox 235 1507 1653 1574; baseline -0.001 -18"><span class='ocrx_word' id='word_1_108' title='bbox 235 1517 306 1556; x_wconf 87' lang='lat' dir='ltr'>rat</span> <span class='ocrx_word' id='word_1_109' title='bbox 320 1544 332 1567; x_wconf 95' lang='lat'>,</span> <span class='ocrx_word' id='word_1_110' title='bbox 358 1509 710 1574; x_wconf 91' lang='lat' dir='ltr'>contractisque</span> <span class='ocrx_word' id='word_1_111' title='bbox 732 1508 946 1573; x_wconf 91' lang='lat' dir='ltr'>undique</span> <span class='ocrx_word' id='word_1_112' title='bbox 967 1507 1230 1572; x_wconf 89' lang='lat' dir='ltr'>maj0ribus</span> <span class='ocrx_word' id='word_1_113' title='bbox 1253 1508 1653 1574; x_wconf 85' lang='lat' dir='ltr'>quamplurimis-</span> 
     </span>
     <span class='ocr_line' id='line_1_17' title="bbox 235 1585 1655 1651; baseline 0.001 -20"><span class='ocrx_word' id='word_1_114' title='bbox 235 1601 330 1650; x_wconf 88' lang='lat' dir='ltr'>que</span> <span class='ocrx_word' id='word_1_115' title='bbox 353 1585 573 1632; x_wconf 89' lang='lat' dir='ltr'>curribus</span> <span class='ocrx_word' id='word_1_116' title='bbox 598 1595 646 1632; x_wconf 94' lang='lat' dir='ltr'>et</span> <span class='ocrx_word' id='word_1_117' title='bbox 669 1585 900 1633; x_wconf 89' lang='lat' dir='ltr'>machinis</span> <span class='ocrx_word' id='word_1_118' title='bbox 921 1586 1058 1644; x_wconf 88' lang='lat' dir='ltr'>belli,</span> <span class='ocrx_word' id='word_1_119' title='bbox 1084 1585 1368 1651; x_wconf 89' lang='lat' dir='ltr'>praemittere</span> <span class='ocrx_word' id='word_1_120' title='bbox 1388 1585 1438 1632; x_wconf 90' lang='lat' dir='ltr'>in</span> <span class='ocrx_word' id='word_1_121' title='bbox 1459 1588 1655 1633; x_wconf 89' lang='lat' dir='ltr'>Barren-</span> 
     </span>
     <span class='ocr_line' id='line_1_18' title="bbox 235 1662 1654 1728; baseline 0.001 -19"><span class='ocrx_word' id='word_1_122' title='bbox 235 1662 359 1709; x_wconf 91' lang='lat' dir='ltr'>sium</span> <span class='ocrx_word' id='word_1_123' title='bbox 382 1679 519 1726; x_wconf 86' lang='lat' dir='ltr'>agros</span> <span class='ocrx_word' id='word_1_124' title='bbox 546 1672 592 1709; x_wconf 91' lang='lat' dir='ltr'>et</span> <span class='ocrx_word' id='word_1_125' title='bbox 614 1662 987 1727; x_wconf 83' lang='lat' dir='ltr'>Lotharingiam.</span> <span class='ocrx_word' id='word_1_126' title='bbox 1019 1663 1118 1710; x_wconf 87' lang='lat' dir='ltr'>Alia</span> <span class='ocrx_word' id='word_1_127' title='bbox 1139 1663 1285 1710; x_wconf 90' lang='lat' dir='ltr'>etiam</span> <span class='ocrx_word' id='word_1_128' title='bbox 1308 1679 1363 1709; x_wconf 86' lang='lat' dir='ltr'>ex</span> <span class='ocrx_word' id='word_1_129' title='bbox 1389 1673 1540 1728; x_wconf 89' lang='lat' dir='ltr'>parte,</span> <span class='ocrx_word' id='word_1_130' title='bbox 1567 1680 1654 1728; x_wconf 93' lang='lat' dir='ltr'>per</span> 
     </span>
     <span class='ocr_line' id='line_1_19' title="bbox 233 1738 1651 1802; baseline 0.001 -18"><span class='ocrx_word' id='word_1_131' title='bbox 233 1747 382 1785; x_wconf 88' lang='lat' dir='ltr'>terras</span> <span class='ocrx_word' id='word_1_132' title='bbox 404 1738 656 1797; x_wconf 87' lang='lat' dir='ltr'>Picardiae,</span> <span class='ocrx_word' id='word_1_133' title='bbox 685 1739 944 1802; x_wconf 86' lang='lat' dir='ltr'>Anglorum</span> <span class='ocrx_word' id='word_1_134' title='bbox 973 1755 1053 1786; x_wconf 86' lang='lat' dir='ltr'>rex</span> <span class='ocrx_word' id='word_1_135' title='bbox 1081 1739 1143 1786; x_wconf 89' lang='lat' dir='ltr'>ad</span> <span class='ocrx_word' id='word_1_136' title='bbox 1174 1739 1352 1786; x_wconf 90' lang='lat' dir='ltr'>flumen</span> <span class='ocrx_word' id='word_1_137' title='bbox 1377 1741 1651 1787; x_wconf 88' lang='lat' dir='ltr'>Summonae</span> 
     </span>
     <span class='ocr_line' id='line_1_20' title="bbox 234 1813 1656 1881; baseline 0.001 -21"><span class='ocrx_word' id='word_1_138' title='bbox 234 1813 324 1861; x_wconf 89' lang='lat' dir='ltr'>iter</span> <span class='ocrx_word' id='word_1_139' title='bbox 337 1813 554 1877; x_wconf 86' lang='lat' dir='ltr'>faciebat,</span> <span class='ocrx_word' id='word_1_140' title='bbox 573 1814 756 1862; x_wconf 89' lang='lat' dir='ltr'>habens</span> <span class='ocrx_word' id='word_1_141' title='bbox 770 1815 937 1881; x_wconf 91' lang='lat' dir='ltr'>procul</span> <span class='ocrx_word' id='word_1_142' title='bbox 952 1815 1102 1862; x_wconf 88' lang='lat' dir='ltr'>dubio</span> <span class='ocrx_word' id='word_1_143' title='bbox 1118 1815 1375 1862; x_wconf 85' lang='lat' dir='ltr'>exercitum</span> <span class='ocrx_word' id='word_1_144' title='bbox 1396 1833 1533 1862; x_wconf 74' lang='lat' dir='ltr'>xxxvi</span> <span class='ocrx_word' id='word_1_145' title='bbox 1554 1816 1656 1862; x_wconf 87' lang='lat' dir='ltr'>mil-</span> 
     </span>
     <span class='ocr_line' id='line_1_21' title="bbox 232 1889 1653 1957; baseline 0.003 -21"><span class='ocrx_word' id='word_1_146' title='bbox 232 1889 351 1937; x_wconf 90' lang='lat' dir='ltr'>lium</span> <span class='ocrx_word' id='word_1_147' title='bbox 370 1891 585 1939; x_wconf 85' lang='lat' dir='ltr'>virorum</span> <span class='ocrx_word' id='word_1_148' title='bbox 609 1892 967 1957; x_wconf 87' lang='lat' dir='ltr'>expeditorum,</span> <span class='ocrx_word' id='word_1_149' title='bbox 1002 1893 1147 1940; x_wconf 90' lang='lat' dir='ltr'>armis</span> <span class='ocrx_word' id='word_1_150' title='bbox 1180 1893 1486 1956; x_wconf 84' lang='lat' dir='ltr'>Anglicorum</span> <span class='ocrx_word' id='word_1_151' title='bbox 1518 1909 1653 1940; x_wconf 91' lang='lat' dir='ltr'>more</span> 
     </span>
     <span class='ocr_line' id='line_1_22' title="bbox 234 1968 1652 2035; baseline 0.001 -21"><span class='ocrx_word' id='word_1_152' title='bbox 234 1968 415 2032; x_wconf 90' lang='lat' dir='ltr'>optime</span> <span class='ocrx_word' id='word_1_153' title='bbox 438 1969 796 2016; x_wconf 89' lang='lat' dir='ltr'>instructorum.</span> <span class='ocrx_word' id='word_1_154' title='bbox 833 1973 974 2017; x_wconf 89' lang='lat' dir='ltr'>Erant</span> <span class='ocrx_word' id='word_1_155' title='bbox 997 1970 1176 2035; x_wconf 91' lang='lat' dir='ltr'>quippe</span> <span class='ocrx_word' id='word_1_156' title='bbox 1198 1971 1422 2034; x_wconf 87' lang='lat' dir='ltr'>sagittarii</span> <span class='ocrx_word' id='word_1_157' title='bbox 1446 1980 1494 2017; x_wconf 91' lang='lat' dir='ltr'>et</span> <span class='ocrx_word' id='word_1_158' title='bbox 1518 1971 1652 2035; x_wconf 93' lang='lat' dir='ltr'>pedi-</span> 
     </span>
     <span class='ocr_line' id='line_1_23' title="bbox 235 2045 1651 2112; baseline 0.002 -21"><span class='ocrx_word' id='word_1_159' title='bbox 235 2054 304 2092; x_wconf 92' lang='lat' dir='ltr'>tes</span> <span class='ocrx_word' id='word_1_160' title='bbox 327 2045 424 2092; x_wconf 85' lang='lat' dir='ltr'>sere</span> <span class='ocrx_word' id='word_1_161' title='bbox 447 2063 644 2108; x_wconf 90' lang='lat' dir='ltr'>omnes,</span> <span class='ocrx_word' id='word_1_162' title='bbox 670 2047 822 2094; x_wconf 92' lang='lat' dir='ltr'>tribus</span> <span class='ocrx_word' id='word_1_163' title='bbox 846 2058 927 2095; x_wconf 87' lang='lat' dir='ltr'>aut</span> <span class='ocrx_word' id='word_1_164' title='bbox 950 2049 1075 2095; x_wconf 88' lang='lat' dir='ltr'>circa</span> <span class='ocrx_word' id='word_1_165' title='bbox 1099 2047 1308 2094; x_wconf 84' lang='lat' dir='ltr'>millibus</span> <span class='ocrx_word' id='word_1_166' title='bbox 1330 2049 1547 2112; x_wconf 87' lang='lat' dir='ltr'>equitum</span> <span class='ocrx_word' id='word_1_167' title='bbox 1571 2065 1651 2095; x_wconf 88' lang='lat' dir='ltr'>ex-</span> 
     </span>
     <span class='ocr_line' id='line_1_24' title="bbox 235 2118 1651 2189; baseline 0.003 -21"><span class='ocrx_word' id='word_1_168' title='bbox 235 2123 408 2187; x_wconf 89' lang='lat' dir='ltr'>ceptis,</span> <span class='ocrx_word' id='word_1_169' title='bbox 435 2139 533 2186; x_wconf 90' lang='lat' dir='ltr'>quo</span> <span class='ocrx_word' id='word_1_170' title='bbox 561 2118 739 2171; x_wconf 85' lang='lat' dir='ltr'>facilius</span> <span class='ocrx_word' id='word_1_171' title='bbox 762 2125 1038 2172; x_wconf 81' lang='lat' dir='ltr'>alimoniam</span> <span class='ocrx_word' id='word_1_172' title='bbox 1065 2126 1382 2172; x_wconf 89' lang='lat' dir='ltr'>necessariam</span> <span class='ocrx_word' id='word_1_173' title='bbox 1403 2124 1494 2172; x_wconf 87' lang='lat' dir='ltr'>sibi</span> <span class='ocrx_word' id='word_1_174' title='bbox 1514 2142 1651 2189; x_wconf 82' lang='lat' dir='ltr'>quae-</span> 
     </span>
     <span class='ocr_line' id='line_1_25' title="bbox 235 2202 1652 2266; baseline 0.003 -20"><span class='ocrx_word' id='word_1_175' title='bbox 235 2216 339 2247; x_wconf 90' lang='lat' dir='ltr'>rere</span> <span class='ocrx_word' id='word_1_176' title='bbox 375 2211 571 2265; x_wconf 88' lang='lat' dir='ltr'>possent</span> <span class='ocrx_word' id='word_1_177' title='bbox 587 2238 600 2262; x_wconf 88' lang='lat'>‚</span> <span class='ocrx_word' id='word_1_178' title='bbox 642 2218 746 2265; x_wconf 89' lang='lat' dir='ltr'>quae</span> <span class='ocrx_word' id='word_1_179' title='bbox 788 2202 978 2249; x_wconf 85' lang='lat' dir='ltr'>difficile</span> <span class='ocrx_word' id='word_1_180' title='bbox 1021 2203 1082 2250; x_wconf 93' lang='lat' dir='ltr'>ad</span> <span class='ocrx_word' id='word_1_181' title='bbox 1123 2220 1350 2266; x_wconf 86' lang='lat' dir='ltr'>magnum</span> <span class='ocrx_word' id='word_1_182' title='bbox 1394 2219 1652 2250; x_wconf 88' lang='lat' dir='ltr'>numerum</span> 
     </span>
     <span class='ocr_line' id='line_1_26' title="bbox 235 2277 1652 2344; baseline 0.003 -21"><span class='ocrx_word' id='word_1_183' title='bbox 235 2293 469 2340; x_wconf 88' lang='lat' dir='ltr'>equorum</span> <span class='ocrx_word' id='word_1_184' title='bbox 516 2277 755 2325; x_wconf 87' lang='lat' dir='ltr'>sufficiens</span> <span class='ocrx_word' id='word_1_185' title='bbox 795 2279 999 2326; x_wconf 89' lang='lat' dir='ltr'>inveniri</span> <span class='ocrx_word' id='word_1_186' title='bbox 1039 2282 1289 2344; x_wconf 86' lang='lat' dir='ltr'>potuisset.</span> <span class='ocrx_word' id='word_1_187' title='bbox 1341 2283 1652 2328; x_wconf 85' lang='lat' dir='ltr'>Vastaverant</span> 
     </span>
     <span class='ocr_line' id='line_1_27' title="bbox 235 2354 1651 2423; baseline 0.003 -22"><span class='ocrx_word' id='word_1_188' title='bbox 235 2354 458 2418; x_wconf 85' lang='lat' dir='ltr'>equidem</span> <span class='ocrx_word' id='word_1_189' title='bbox 481 2356 580 2418; x_wconf 90' lang='lat' dir='ltr'>jam</span> <span class='ocrx_word' id='word_1_190' title='bbox 605 2357 795 2416; x_wconf 90' lang='lat' dir='ltr'>Franci,</span> <span class='ocrx_word' id='word_1_191' title='bbox 825 2357 891 2403; x_wconf 90' lang='lat' dir='ltr'>uti</span> <span class='ocrx_word' id='word_1_192' title='bbox 921 2357 1151 2416; x_wconf 87' lang='lat' dir='ltr'>diximus,</span> <span class='ocrx_word' id='word_1_193' title='bbox 1180 2358 1315 2405; x_wconf 82' lang='lat' dir='ltr'>villas</span> <span class='ocrx_word' id='word_1_194' title='bbox 1337 2368 1384 2405; x_wconf 92' lang='lat' dir='ltr'>et</span> <span class='ocrx_word' id='word_1_195' title='bbox 1405 2375 1544 2423; x_wconf 86' lang='lat' dir='ltr'>agros</span> <span class='ocrx_word' id='word_1_196' title='bbox 1568 2363 1651 2404; x_wconf 88' lang='lat' dir='ltr'>Ar·</span> 
     </span>
     <span class='ocr_line' id='line_1_28' title="bbox 236 2433 1651 2499; baseline 0.002 -21"><span class='ocrx_word' id='word_1_197' title='bbox 236 2433 360 2479; x_wconf 89' lang='lat' dir='ltr'>tesiae</span> <span class='ocrx_word' id='word_1_198' title='bbox 390 2443 435 2479; x_wconf 86' lang='lat' dir='ltr'>et</span> <span class='ocrx_word' id='word_1_199' title='bbox 470 2435 656 2481; x_wconf 88' lang='lat' dir='ltr'>Pontivi</span> <span class='ocrx_word' id='word_1_200' title='bbox 675 2472 686 2493; x_wconf 96' lang='lat'>,</span> <span class='ocrx_word' id='word_1_201' title='bbox 720 2435 862 2498; x_wconf 87' lang='lat' dir='ltr'>longe</span> <span class='ocrx_word' id='word_1_202' title='bbox 893 2434 1082 2499; x_wconf 92' lang='lat' dir='ltr'>lateque</span> <span class='ocrx_word' id='word_1_203' title='bbox 1112 2445 1284 2484; x_wconf 87' lang='lat' dir='ltr'>cuncta</span> <span class='ocrx_word' id='word_1_204' title='bbox 1312 2437 1421 2499; x_wconf 88' lang='lat' dir='ltr'>igne</span> <span class='ocrx_word' id='word_1_205' title='bbox 1450 2445 1497 2483; x_wconf 90' lang='lat' dir='ltr'>et</span> <span class='ocrx_word' id='word_1_206' title='bbox 1528 2436 1651 2482; x_wconf 82' lang='lat' dir='ltr'>ferro</span> 
     </span>
     <span class='ocr_line' id='line_1_29' title="bbox 236 2510 532 2574; baseline 0.007 -19"><span class='ocrx_word' id='word_1_207' title='bbox 236 2510 532 2574; x_wconf 91' lang='lat' dir='ltr'>populando.</span> 
     </span>
    </p>

    <p class='ocr_par' dir='ltr' id='par_1_4' title="bbox 239 2587 1653 2884">
     <span class='ocr_line' id='line_1_30' title="bbox 303 2587 1650 2654; baseline 0.003 -23"><span class='ocrx_word' id='word_1_208' title='bbox 303 2587 424 2632; x_wconf 87' lang='lat' dir='ltr'>Sane</span> <span class='ocrx_word' id='word_1_209' title='bbox 440 2603 551 2633; x_wconf 90' lang='lat' dir='ltr'>cum</span> <span class='ocrx_word' id='word_1_210' title='bbox 570 2604 721 2652; x_wconf 88' lang='lat' dir='ltr'>usque</span> <span class='ocrx_word' id='word_1_211' title='bbox 742 2592 975 2636; x_wconf 87' lang='lat' dir='ltr'>Peronam</span> <span class='ocrx_word' id='word_1_212' title='bbox 993 2589 1149 2636; x_wconf 90' lang='lat' dir='ltr'>dictus</span> <span class='ocrx_word' id='word_1_213' title='bbox 1163 2607 1243 2637; x_wconf 86' lang='lat' dir='ltr'>rex</span> <span class='ocrx_word' id='word_1_214' title='bbox 1267 2591 1524 2654; x_wconf 83' lang='lat' dir='ltr'>Anglorum</span> <span class='ocrx_word' id='word_1_215' title='bbox 1539 2606 1650 2636; x_wconf 89' lang='lat' dir='ltr'>cum</span> 
     </span>
     <span class='ocr_line' id='line_1_31' title="bbox 239 2662 1653 2731; baseline 0.003 -23"><span class='ocrx_word' id='word_1_216' title='bbox 239 2662 334 2709; x_wconf 92' lang='lat' dir='ltr'>suis</span> <span class='ocrx_word' id='word_1_217' title='bbox 363 2663 514 2727; x_wconf 89' lang='lat' dir='ltr'>copiis</span> <span class='ocrx_word' id='word_1_218' title='bbox 542 2675 856 2728; x_wconf 88' lang='lat' dir='ltr'>penetrasset,</span> <span class='ocrx_word' id='word_1_219' title='bbox 889 2666 972 2713; x_wconf 92' lang='lat' dir='ltr'>ubi</span> <span class='ocrx_word' id='word_1_220' title='bbox 999 2667 1135 2714; x_wconf 89' lang='lat' dir='ltr'>limes</span> <span class='ocrx_word' id='word_1_221' title='bbox 1161 2677 1260 2714; x_wconf 82' lang='lat' dir='ltr'>erat</span> <span class='ocrx_word' id='word_1_222' title='bbox 1288 2668 1534 2731; x_wconf 89' lang='lat' dir='ltr'>utriusque</span> <span class='ocrx_word' id='word_1_223' title='bbox 1559 2665 1653 2712; x_wconf 92' lang='lat' dir='ltr'>do—</span> 
     </span>
     <span class='ocr_line' id='line_1_32' title="bbox 242 2740 1653 2806; baseline 0.004 -22"><span class='ocrx_word' id='word_1_224' title='bbox 242 2740 391 2796; x_wconf 88' lang='lat' dir='ltr'>minii,</span> <span class='ocrx_word' id='word_1_225' title='bbox 429 2741 605 2788; x_wconf 84' lang='lat' dir='ltr'>scilicet</span> <span class='ocrx_word' id='word_1_226' title='bbox 629 2746 918 2791; x_wconf 90' lang='lat' dir='ltr'>Francorum</span> <span class='ocrx_word' id='word_1_227' title='bbox 948 2754 996 2790; x_wconf 92' lang='lat' dir='ltr'>et</span> <span class='ocrx_word' id='word_1_228' title='bbox 1022 2745 1437 2806; x_wconf 81' lang='lat' dir='ltr'>Burgundionum,</span> <span class='ocrx_word' id='word_1_229' title='bbox 1458 2744 1552 2791; x_wconf 88' lang='lat' dir='ltr'>illic</span> <span class='ocrx_word' id='word_1_230' title='bbox 1584 2743 1653 2790; x_wconf 87' lang='lat' dir='ltr'>of-</span> 
     </span>
     <span class='ocr_line' id='line_1_33' title="bbox 241 2815 1653 2884; baseline 0.004 -23"><span class='ocrx_word' id='word_1_231' title='bbox 241 2815 390 2864; x_wconf 86' lang='lat' dir='ltr'>fendit</span> <span class='ocrx_word' id='word_1_232' title='bbox 412 2818 575 2882; x_wconf 88' lang='lat' dir='ltr'>copias</span> <span class='ocrx_word' id='word_1_233' title='bbox 596 2821 885 2866; x_wconf 87' lang='lat' dir='ltr'>Francorum</span> <span class='ocrx_word' id='word_1_234' title='bbox 901 2857 913 2881; x_wconf 93' lang='lat'>,</span> <span class='ocrx_word' id='word_1_235' title='bbox 940 2821 1023 2884; x_wconf 90' lang='lat' dir='ltr'>qui</span> <span class='ocrx_word' id='word_1_236' title='bbox 1049 2821 1210 2869; x_wconf 82' lang='lat' dir='ltr'>limina</span> <span class='ocrx_word' id='word_1_237' title='bbox 1234 2837 1318 2869; x_wconf 82' lang='lat' dir='ltr'>sua</span> <span class='ocrx_word' id='word_1_238' title='bbox 1342 2838 1452 2867; x_wconf 91' lang='lat' dir='ltr'>cum</span> <span class='ocrx_word' id='word_1_239' title='bbox 1475 2821 1653 2884; x_wconf 85' lang='lat' dir='ltr'>ingenti</span> 
     </span>
    </p>
   </div>
  </div>
 </body>
</html>
