2054 3470
731 316 877 353 LmER
913 315 1143 363 QmNTns.
1569 318 1644 354 383

234 404 344 451 satis
361 403 747 451 irrationabiliter
777 402 1071 467 praestiterat.
1112 403 1231 451 Nam
1258 412 1454 467 perante
1489 402 1647 452 afficta

234 479 460 543 quadam,
488 495 657 544 parum
677 487 760 526 aut
774 478 892 525 nihil
911 478 1098 524 ratione
1119 487 1167 524 et
1183 477 1363 541 justitia
1381 478 1514 540 fulta,
1534 496 1647 543 que·

235 556 349 616 rela,
368 556 605 621 quosdam
626 571 793 603 currus
815 554 1052 602 mercibus
1075 564 1291 614 onustos,
1317 571 1423 618 quae
1440 557 1648 603 nonnul·

234 633 290 681 lis
308 633 649 681 mercatoribus
665 632 951 680 Alemanniae
972 631 1290 697 pertinebant,
1308 633 1431 680 infra
1455 650 1647 681 eorum-

235 709 346 758 dem
376 711 665 758 Suitensium
691 719 840 757 terras
871 725 926 756 ac
958 709 1131 756 limites
1162 709 1381 774 nequiter
1415 711 1647 758 invaserat

236 797 378 852 atque
396 790 655 853 rapuerat¹.
675 790 766 834 Pro
790 803 883 851 qua
905 787 1074 852 rapina
1087 796 1134 834 et
1151 787 1340 851 injuria,
1363 798 1416 835 ut
1438 788 1647 836 debitam

235 864 599 912 satisfactionem
644 864 849 921 faceret,
904 863 966 911 ab
1006 864 1119 928 ipsis
1159 864 1456 912 Suitensibus
1497 865 1649 913 fuerat

234 941 485 1004 requisitus
505 951 552 988 et
567 950 857 998 summatus;
878 939 962 986 sed
977 949 1253 1004 arroganter
1265 950 1313 987 et
1328 941 1532 1006 superbe
1553 941 1648 989 hoc

234 1015 386 1064 facere
411 1028 666 1065 recusarat.
698 1020 897 1082 Propter
914 1017 1046 1079 quod
1067 1017 1157 1082 ipsi
1176 1018 1416 1066 Suitenses
1430 1029 1644 1084 perante,

232 1102 287 1140 ut
308 1092 530 1155 diximus,
555 1103 731 1141 terram
766 1093 914 1158 ipsius
947 1093 1220 1141 invaserant
1256 1103 1303 1141 et
1339 1095 1643 1160 popularant.

165 1156 170 1162 ό
298 1171 471 1219 Sedem
494 1171 634 1234 igitur
655 1169 884 1218 movendi
906 1160 955 1217 in
977 1171 1219 1218 Suitenses
1244 1171 1374 1229 belli,
1398 1172 1497 1219 dux
1530 1176 1650 1221 Lau-

234 1250 458 1296 sannam'
490 1248 657 1312 elegit,
692 1258 739 1296 et
760 1264 860 1295 non
884 1248 1053 1312 procul
1076 1247 1136 1295 ab
1154 1249 1258 1314 ipsa
1286 1250 1473 1298 civitate
1496 1260 1649 1298 castra

234 1324 434 1387 locavit,
475 1325 564 1373 sub
598 1326 790 1373 initium
820 1325 961 1372 veris.
1002 1328 1054 1371 ln
1088 1326 1263 1389 quibus
1294 1343 1404 1374 cum
1441 1327 1649 1375 multum

234 1401 543 1450 collectitium
565 1402 764 1450 militem
787 1411 1098 1466 aggregasset,
1125 1403 1369 1467 multaque
1393 1421 1536 1468 super
1553 1405 1649 1452 dis-

235 1480 472 1544 ponendis
510 1480 701 1528 aciebus
734 1490 782 1527 et
815 1481 985 1527 ordine
1025 1480 1327 1528 observando
1365 1481 1648 1530 decrevisset

235 1566 376 1621 atque
407 1559 660 1618 statuisset,
688 1557 883 1605 tandem
914 1558 1041 1604 circa
1074 1557 1219 1604 finem
1257 1559 1431 1605 mensis
1471 1561 1651 1606 martii⁸

235 1634 386 1681 movit
403 1650 462 1681 eo
493 1634 620 1694 loco,
646 1644 693 1681 et
726 1634 922 1681 hostiles
960 1644 1110 1681 terras
1143 1636 1319 1682 intrare
1346 1645 1393 1682 et
1423 1636 1650 1684 invadere

235 1712 497 1759 constituit.

299 1792 420 1837 Cum
463 1799 623 1837 autem
662 1806 760 1836 non
802 1790 1039 1836 nescirent
1083 1789 1174 1854 ipsi
1216 1790 1455 1838 Suitenses
1496 1792 1558 1838 ad
1600 1809 1650 1839 se

235 1864 500 1931 eOrumque
531 1877 678 1914 terras
721 1866 954 1927 animum,
998 1865 1193 1931 [quem]
1228 1877 1495 1932 spectatum
1541 1871 1651 1917 satis

234 1953 338 1991 tum
359 1954 406 1991 et
427 1944 674 2007 cognitum
696 1943 956 2004 habebant,
983 1942 1074 1991 sibi
1109 1943 1159 1989 in
1192 1944 1422 1992 limitibus
1449 1946 1567 2004 suiS,
1595 1963 1651 1994 ea

236 2031 385 2086 parte,
411 2037 507 2084 qua
526 2038 637 2068 eum
667 2031 916 2086 penetrare
947 2020 1067 2067 velle
1089 2032 1398 2085 agnoverant,
1426 2023 1651 2070 audacter

236 2107 283 2144 et
299 2099 570 2144 constanter
584 2097 778 2145 obviam
797 2108 1052 2157 venerunt,
1076 2107 1122 2145 et
1141 2115 1252 2145 cum
1269 2110 1466 2147 onustos
1485 2118 1652 2149 currus

238 2175 299 2222 ad
321 2191 578 2222 numerum
594 2211 606 2234 ,
647 2192 791 2238 quem
821 2175 1043 2221 nonnulli
1069 2176 1458 2240 octingentorum
1480 2188 1528 2225 et
1550 2195 1652 2226 am-

237 2252 360 2317 plius
382 2269 484 2300 esse
502 2251 715 2298 ferebant
753 2251 945 2315 (quibus
975 2252 1206 2300 machinae
1226 2263 1274 2300 et
1297 2265 1553 2320 apparatus
1582 2266 1653 2303 to-

292 2378 330 2414 1.
359 2374 521 2414 Version
554 2374 751 2412 conforme
780 2375 802 2410 a
828 2374 925 2412 celle
951 2374 1000 2412 de
1030 2376 1248 2415 Commines
1278 2393 1287 2415 z
1326 2395 1345 2413 α
1374 2381 1419 2416 Et
1447 2393 1651 2432 pour-quoy

238 2446 482 2472 commencea
502 2442 603 2471 ceste
623 2433 786 2484 guerre?
804 2433 856 2470 Ce
882 2433 939 2470 sut
958 2446 1058 2484 pour
1081 2447 1161 2486 ung
1177 2435 1347 2474 charriot
1369 2437 1417 2476 de
1444 2439 1586 2489 peaulx
1604 2439 1653 2476 de

239 2500 415 2530 moutons
433 2505 509 2542 que
530 2495 615 2543 Mgr
638 2491 686 2529 de
708 2494 876 2529 Romont
906 2491 1010 2543 print
1040 2493 1061 2529 a
1089 2505 1170 2545 ung
1200 2494 1328 2535 Suisse
1351 2506 1505 2547 passant
1522 2510 1593 2548 par
1611 2510 1653 2535 sa

238 2562 355 2591 terre.
382 2569 401 2587 ω
421 2553 680 2601 Me'moires,1.
704 2555 751 2600 V,
773 2566 807 2590 c.
827 2566 855 2591 1.

293 2614 332 2650 2.
361 2613 461 2650 C’est
479 2612 581 2650 Orbe
598 2611 692 2662 qu'il
714 2611 835 2649 fallait
854 2610 936 2649 dire
959 2623 1009 2648 au
1031 2611 1109 2651 lieu
1127 2613 1176 2652 de
1196 2617 1412 2654 Lausanne.
1481 2633 1485 2644 ι

294 2673 332 2709 3.
362 2672 416 2708 Le
435 2670 510 2708 duc
527 2670 576 2708 de
594 2673 824 2723 Bourgogne
850 2670 966 2720 partit
987 2669 1128 2710 d'Orbe
1152 2686 1252 2724 pour
1276 2675 1453 2712 Granson
1470 2674 1507 2711 le
1528 2675 1577 2711 19
1597 2673 1652 2711 fe-

241 2731 346 2769 vrier
368 2738 405 2768 et
429 2729 456 2767 il
482 2738 582 2768 resta
604 2731 625 2767 a
648 2731 823 2768 Granson
850 2729 1031 2780 jusqu'au
1052 2731 1143 2779 jour
1171 2732 1220 2770 de
1240 2732 1277 2770 la
1299 2732 1475 2779 bataille‚
1504 2732 1570 2782 qui
1590 2740 1654 2770 eut

242 2789 318 2828 lieu
341 2789 376 2826 le
401 2791 423 2826 3
444 2801 545 2826 mars
567 2790 685 2828 1476.
