2054 3470
365 311 442 348 170
729 311 1070 350 HISTORIARUM
1097 307 1331 350 LUDOV1CI
1355 313 1413 350 XI

364 399 448 447 bat
483 400 677 464 (scilicet
700 402 762 449 ad
785 399 1019 467 oppidum
1049 400 1229 447 dictum
1269 400 1633 466 Montis-Argi¹)
1657 419 1771 468 per-

364 478 604 526 venissent
623 515 635 539 ,
679 494 774 543 qua
814 487 999 538 mente,
1040 494 1135 541 qua
1180 476 1274 525 fide
1312 488 1361 525 et
1397 478 1661 526 sinceritate
1697 495 1772 527 res

364 565 631 618 agerentur,
669 556 878 621 primum
912 570 1169 617 agnoscere
1203 564 1478 619 potuerunt.
1521 558 1640 603 Nam
1672 571 1772 603 non

364 632 513 679 modo
532 634 583 680 in
602 633 815 692 materia,
834 648 923 696 pro
942 648 1038 695 qua
1054 631 1321 694 injunctum
1336 632 1581 697 legationis
1597 649 1772 680 munus

365 721 693 775 susceperant,
719 710 955 775 repulsam
973 719 1021 756 et
1043 709 1222 756 alienos
1245 727 1439 775 prorsus
1460 711 1686 757 terminos
1709 709 1770 757 ab

365 786 439 834 his
479 804 601 852 quos
640 788 860 852 quotiens
895 796 1087 851 tamque
1120 786 1229 833 diu*
1259 786 1319 834 de
1361 803 1416 833 ea
1450 803 1501 834 re
1540 786 1773 835 habuerat

365 881 447 911 rex
469 875 515 911 et
539 874 781 925 tenuerat,
819 863 1150 922 offenderunt3
1179 863 1262 910 sed
1289 901 1302 925 ‚
1328 881 1416 929 pro
1440 864 1774 912 benevolentia

367 951 414 989 et
450 942 579 990 dulci
602 943 753 990 filialis
779 940 1018 989 affinitatis
1039 940 1422 1006 compellatione,
1448 941 1770 1006 querelarum,

367 1020 606 1067 minarum
635 1030 681 1067 et
717 1018 1142 1085 exprobrationum
1179 1018 1341 1078 verba,
1379 1035 1486 1081 quae
1516 1021 1647 1085 prius
1682 1019 1773 1068 sub

366 1097 562 1160 hujusce
599 1097 815 1148 confictae
859 1106 906 1144 et
949 1095 1179 1143 simulatae
1211 1095 1493 1161 copulandae
1533 1095 1775 1145 affinitatis

367 1174 695 1238 integumento
729 1174 892 1222 velatae
927 1174 1136 1232 fuerant,
1179 1173 1534 1221 inimicitiarum
1568 1175 1774 1239 speciem

369 1253 615 1300 manifeste
637 1252 1002 1318 praetendentia³
1020 1253 1366 1316 reportarunt⁴.

434 1332 491 1376 Et
519 1347 682 1378 revera
709 1340 824 1378 tunc
851 1329 1086 1378 creditum
1119 1328 1206 1375 fuit
1235 1327 1367 1392 quod
1404 1344 1487 1376 rex
1515 1328 1776 1378 Dinanten-

366 1407 495 1455 sibus
526 1425 802 1456 succurrere
833 1408 1058 1467 deberet,
1095 1407 1385 1472 minimeque
1411 1406 1552 1454 vellet
1578 1423 1661 1454 eos
1688 1423 1777 1472 op-

364 1486 508 1550 primi
540 1487 828 1551 permittere.
863 1489 934 1533 De
966 1502 1065 1550 quo
1095 1485 1184 1550 ipsi
1220 1495 1266 1532 et
1301 1484 1587 1532 Leodienses
1622 1484 1777 1531 caeteri

366 1563 629 1626 plurimum
657 1562 979 1610 confidebant.
1017 1562 1111 1620 Qui
1138 1578 1188 1610 se
1221 1561 1283 1609 ab
1315 1578 1374 1609 eo
1405 1560 1630 1609 adversus
1660 1563 1777 1607 Bur-

366 1640 665 1704 gundionum
687 1641 858 1687 ducem
880 1641 930 1687 in
953 1657 1086 1687 arma
1104 1640 1329 1687 excitatos
1351 1649 1414 1700 et,
1437 1638 1620 1704 magnis
1639 1636 1702 1686 ab
1718 1654 1777 1685 eo

367 1718 765 1782 promissionibus
799 1718 1004 1783 acceptis
1037 1718 1098 1783 de
1137 1734 1363 1764 succursu
1393 1726 1536 1781 atque
1569 1715 1778 1780 opitula-

367 1796 518 1855 tione,
546 1807 789 1844 securatos
805 1796 1104 1860 jactitabant.
1131 1795 1270 1841 Unde
1296 1804 1343 1841 et
1364 1804 1504 1853 tunc,
1527 1792 1658 1858 apud
1681 1792 1777 1838 dic-

367 1882 470 1920 tum
488 1872 667 1929 locum
700 1873 1037 1935 Mentem-Argi
1068 1882 1115 1918 et
1146 1873 1196 1918 in
1228 1871 1464 1936 plerisque
1495 1869 1597 1917 aliis
1629 1868 1773 1928 locis,

366 1965 450 1996 rex
480 1966 674 2013 magnas
698 1950 943 1998 machinas
965 1958 1012 1995 et
1044 1948 1157 1995 belli
1190 1957 1443 2013 apparatus
1465 1945 1685 1993 fabricari
1713 1945 1779 1994 fa-

368 2026 537 2074 ciebat.
580 2028 707 2074 Fecit
753 2029 880 2074 enim
925 2036 1041 2073 tunc
1086 2041 1175 2090 pro
1210 2024 1476 2071 munimine
1515 2033 1780 2074 castrorum
1828 2035 1831 2041 '

368 2114 558 2152 catenas
580 2104 798 2151 fabricari
818 2104 1006 2163 ferreas,
1032 2104 1080 2149 in
1102 2112 1233 2150 tanta
1256 2102 1615 2161 numerositate,
1644 2098 1780 2165 quod

367 2198 426 2228 ex
455 2182 522 2228 eis
561 2182 764 2228 invicem
812 2180 1038 2228 connexis
1072 2190 1118 2227 et
1151 2180 1319 2244 ligneis
1351 2179 1471 2244 palis
1511 2167 1599 2243 per
1630 2177 1781 2243 spatia

422 2338 460 2374 1.
491 2337 714 2390 MontargiS.

422 2398 461 2435 2.
490 2400 595 2436 Dans
617 2397 653 2435 le
671 2410 761 2445 ms.,
781 2397 829 2434 ab
847 2398 906 2434 lzis
923 2400 1057 2434 totiens
1073 2398 1240 2445 quotiens
1261 2403 1436 2444 tanquam
1458 2394 1540 2431 diu.

424 2458 463 2496 3.
491 2458 795 2494 Protendentium
816 2456 910 2494 dans
926 2456 964 2494 le
987 2468 1059 2495 ms.

422 2518 461 2554 4.
489 2516 598 2554 Recit
627 2515 1010 2568 tres-inintelligent.
1041 2513 1157 2553 Louis
1189 2514 1246 2552 XI
1273 2525 1322 2551 ne
1349 2524 1390 2550 se
1421 2510 1602 2550 montrait
1626 2510 1713 2562 plus
1740 2509 1778 2548 le

318 2575 325 2579 ⁷
370 2577 494 2614 meme
516 2577 537 2613 a
558 2589 672 2614 cause
691 2574 784 2612 d'un
805 2574 1068 2613 dissentiment
1091 2586 1209 2626 grave
1232 2573 1300 2623 qui
1327 2571 1580 2621 commencait
1597 2573 1619 2608 a
1640 2570 1782 2609 existet

371 2644 479 2674 entre
506 2635 561 2673 lui
587 2644 626 2674 et
648 2635 684 2673 le
703 2643 826 2673 comte
848 2634 896 2672 de
923 2634 1138 2679 Charolais,
1167 2632 1430 2671 dissentiment
1457 2631 1525 2682 qui
1553 2629 1687 2668 n’etait
1713 2642 1782 2682 pas

371 2708 424 2733 un
451 2695 617 2746 mystere
631 2723 642 2741 ,
675 2694 856 2745 puisqu'il
884 2708 907 2732 a
932 2695 991 2732 e'te
1014 2707 1141 2733 connu
1161 2694 1214 2732 du
1236 2693 1678 2744 chroniqueurssacques
1695 2693 1781 2729 Du-

373 2755 499 2805 clercq
519 2754 566 2802 (1.
587 2756 633 2801 V,
653 2754 714 2792 ch.
739 2758 834 2802 Lv1.)
859 2757 911 2792 Le
938 2753 1149 2805 beau-pere
1165 2762 1202 2791 et
1223 2754 1260 2791 le
1278 2753 1423 2806 gendre
1442 2751 1618 2791 s’etaient
1638 2749 1785 2802 surpris

377 2813 589 2867 intriguant
608 2813 688 2851 l'un
706 2822 838 2851 contre
858 2813 994 2851 l‘autre
1012 2815 1151 2863 aupres
1177 2812 1230 2850 du
1251 2812 1309 2850 roi
1328 2811 1606 2862 d'Angleterre.
