2054 3470
409 355 486 391 164
726 411 730 416 ι
771 355 1110 394 HISTORIARUM
1137 357 1372 394 LUDOVICI
1398 357 1454 394 XI

474 441 567 489 Sed
602 441 675 488 his
707 442 932 490 omnibus
965 444 1319 491 calamitatibus·
1342 443 1660 508 adjiciebatur›
1686 447 1817 510 quod

408 537 491 567 rex
507 556 519 578 ‚
563 521 644 584 qui
687 521 983 585 provinciam
1017 531 1165 568 totam
1199 522 1486 587 implacabili
1531 522 1661 570 velut
1703 524 1819 570 odio

406 597 584 644 habere
606 597 876 659 videbatur,
901 616 960 646 eo
983 599 1115 663 quod
1138 600 1460 659 affectionem,
1489 617 1635 664 quam
1657 601 1719 648 ad
1748 618 1816 662 se,

406 675 467 722 ad
512 692 791 739 germanum
837 693 976 722 suum
1013 677 1190 724 habere
1225 678 1462 742 potiorem
1499 678 1815 737 indicassent,

407 763 640 818 tanquam
667 753 743 800 leo
775 755 966 817 rugiens
989 771 1074 801 seu
1107 771 1244 802 ursus
1268 756 1479 803 esuriens
1497 792 1509 812 ‚
1550 756 1742 803 tributis
1769 766 1817 803 et

405 830 714 893 vectigalibus
729 830 946 877 immensi
970 831 1196 896 ponderis
1215 833 1367 898 ipsam
1387 833 1684 898 provinciam
1706 849 1821 881 one-

404 909 556 956 rabat.
583 911 690 955 Non
712 909 841 955 enim
864 909 1167 956 miseratione
1186 921 1433 975 permotus
1456 910 1589 975 quod
1610 911 1692 970 ita,
1722 920 1819 958 tam

404 1002 432 1034 a
466 988 561 1034 suis
591 987 819 1033 militibus
851 1003 995 1051 quam
1024 1004 1049 1034 a
1074 988 1343 1037 Britonibus
1360 1027 1371 1048 ,
1399 990 1712 1055 provinciales
1745 990 1819 1037 di-

403 1066 526 1129 repti
548 1064 835 1129 spoliatique
857 1064 1073 1126 fuissent,
1101 1066 1429 1113 remissionem
1451 1066 1659 1131 aliquam
1680 1067 1821 1114 facie-

404 1143 484 1190 bat
507 1143 827 1202 tributorum3
865 1141 949 1188 sed
977 1158 1031 1189 ea
1061 1142 1213 1189 multo
1244 1144 1477 1208 ampliora
1499 1161 1599 1191 esse
1616 1145 1751 1208 jussit
1774 1154 1821 1191 et

403 1220 656 1285 imposuit,
693 1235 839 1282 quam
863 1228 974 1265 ante
999 1218 1317 1266 calamitatem
1338 1220 1672 1283 hujuscemodi
1695 1222 1819 1269 civi-

404 1299 523 1345 lium
546 1296 894 1343 discordiarum
918 1297 1200 1343 exstitissent
1219 1315 1231 1357 3
1263 1313 1342 1344 eas
1373 1313 1584 1344 summas
1605 1298 1820 1345 resarciri

404 1374 589 1438 sibique
608 1373 861 1420 instaurari
876 1373 1062 1433 volenS,
1084 1389 1201 1437 quas
1217 1389 1472 1437 germanus
1488 1390 1602 1420 suus
1619 1373 1816 1434 tulisset,

404 1451 521 1497 dum
555 1451 605 1496 in
639 1450 888 1515 provincia
925 1450 1192 1497 exsistebat.
1229 1453 1423 1498 Praeter¹
1451 1450 1546 1497 hoc
1582 1460 1743 1498 autem
1772 1460 1820 1498 et

405 1527 684 1586 nonnullos,
711 1538 809 1574 tam
832 1526 1134 1574 ecclesiastici
1153 1526 1334 1574 ordinis
1356 1543 1502 1590 quam
1523 1527 1660 1588 alios,
1693 1528 1819 1574 cives

404 1607 631 1670 optimos,
657 1614 826 1652 contra
848 1603 1131 1651 abolitiones
1155 1620 1184 1652 a
1205 1621 1254 1651 se
1275 1606 1504 1669 praestitas
1521 1615 1569 1652 et
1594 1621 1819 1670 compac-

403 1693 522 1730 tatas
549 1700 662 1731 cum
689 1681 958 1729 civitatibus
989 1692 1037 1728 et
1059 1681 1248 1746 oppidis
1271 1682 1455 1746 patriae,
1484 1682 1559 1729 vel
1581 1683 1820 1747 proscrip-

403 1760 614 1807 tionibus
633 1759 878 1807 damnavit
894 1796 906 1817 ,
944 1759 1019 1806 vel
1044 1758 1286 1823 suppliciis
1308 1758 1462 1806 affecit
1490 1777 1500 1805 :
1543 1758 1687 1816 nihil,
1727 1759 1819 1806 nisi

404 1848 639 1901 quatenus
658 1837 844 1896 liberet,
867 1837 927 1883 de
954 1835 1284 1883 securitatibus
1300 1846 1346 1882 et
1367 1835 1710 1882 abolitionibus
1729 1836 1821 1883 fac-

406 1916 483 1977 tis,
504 1917 646 1963 etiam
664 1923 963 1962 sacramento
983 1913 1199 1971 firmatis,
1225 1912 1484 1960 observans
1502 1913 1601 1959 sive
1622 1928 1813 1960 curans.

403 2074 611 2123 abolicion,
626 2074 719 2114 ledit
733 2075 782 2114 de
799 2078 972 2123 Lamote‚
984 2086 1084 2126 pour
1098 2067 1141 2111 ce
1156 2086 1233 2124 que
1250 2086 1292 2111 sa
1312 2074 1452 2112 femme
1471 2073 1522 2112 l’a
1541 2072 1814 2123 habandonne,

403 2149 475 2187 par
500 2135 674 2173 mauvais
693 2135 835 2173 conseil
850 2164 860 2182 ,
883 2148 924 2172 se
943 2134 1016 2171 soit
1033 2140 1145 2184 party
1161 2132 1208 2170 de
1227 2145 1297 2170 son
1314 2132 1437 2170 hostel
1460 2140 1498 2170 et
1513 2132 1724 2186 mesnaige,
1744 2146 1817 2173 au-

403 2195 494 2245 quel
515 2194 541 2232 il
563 2194 707 2232 s'estoit
731 2194 886 2232 retraict
916 2201 954 2230 et
976 2206 1024 2231 en
1053 2191 1167 2229 icelui
1193 2191 1315 2230 vivoit
1338 2190 1684 2241 honorablement,
1709 2192 1817 2231 selon

404 2268 475 2293 son
494 2263 611 2303 estat;
641 2262 680 2292 et
705 2254 840 2306 depuis
863 2266 933 2291 son
955 2260 1169 2304 pai-tement
1182 2280 1193 2299 ‚
1213 2251 1266 2289 ait
1283 2252 1362 2289 este
1385 2252 1522 2290 trouve
1539 2252 1672 2290 vivant
1693 2265 1760 2290 sur
1778 2251 1816 2290 le

404 2326 498 2365 pays
532 2313 630 2351 sans'
654 2312 738 2351 rien
773 2312 908 2363 paier,
926 2359 929 2361 ι
948 2321 1093 2350 etc.....
1134 2310 1255 2348 Audit
1286 2310 1482 2362 suppliant
1515 2323 1637 2349 avons
1671 2310 1814 2359 remis,

403 2373 554 2424 quiete,
583 2372 782 2423 pai-donne
807 2381 845 2410 et
875 2371 1004 2421 aboly,
1031 2379 1154 2410 etc....
1183 2371 1238 2407 les
1268 2382 1332 2407 cas
1356 2377 1394 2406 et
1423 2369 1561 2408 crimes
1589 2369 1724 2407 dessus
1745 2368 1817 2408 de-

403 2430 553 2474 clairez,
579 2439 687 2469 etc...
716 2429 853 2470 Donne
872 2431 894 2467 a
912 2429 1097 2481 Angiers,
1113 2442 1164 2466 on
1186 2442 1292 2480 moys
1317 2428 1365 2466 de
1385 2428 1512 2481 juing,
1534 2429 1610 2467 l'an
1633 2427 1680 2467 de
1702 2442 1816 2482 grace

402 2491 471 2529 mil
493 2505 585 2528 cccc
606 2490 778 2528 soixante
797 2489 939 2535 douze,
960 2498 999 2527 et
1020 2489 1068 2527 de
1085 2498 1215 2527 nostre.
1234 2491 1352 2541 regne
1369 2488 1406 2526 le
1424 2488 1643 2527 unziesme.
1661 2504 1673 2520 n
1697 2488 1810 2538 (Ibid.

402 2553 500 2602 Reg.
525 2553 618 2598 197,
644 2564 683 2601 p.
713 2553 822 2598 335.)
851 2572 903 2578 -
924 2549 957 2587 Il
980 2562 1005 2600 y
1025 2563 1046 2588 a
1068 2562 1208 2587 encore
1234 2561 1312 2586 une
1336 2547 1520 2586 abolition
1539 2547 1744 2600 gencrale,
1766 2561 1815 2591 en

404 2610 491 2648 date
510 2609 563 2647 du
584 2609 681 2646 mois
700 2609 748 2646 de
768 2608 895 2656 juillet
917 2609 1037 2657 1466,
1057 2622 1158 2660 pour
1178 2608 1233 2646 les
1255 2606 1446 2646 habitams
1466 2607 1519 2645 du
1536 2607 1733 2652 Cotentin,
1761 2607 1814 2645 du

402 2670 527 2708 comte
550 2669 599 2707 de
628 2668 791 2706 Mortain
822 2677 860 2706 et
888 2667 954 2705 des
980 2668 1164 2705 vicomtes
1187 2667 1235 2705 de
1260 2669 1384 2717 Caen,
1405 2666 1495 2704 Vire
1518 2675 1555 2704 et
1574 2665 1813 2714 Avranches,

401 2729 468 2780 qui
487 2729 641 2767 avaient
658 2727 736 2779 pris
756 2727 810 2765 les
828 2741 954 2765 armes
973 2727 1021 2765 de
1041 2727 1126 2765 leur
1145 2727 1238 2765 ches
1257 2727 1332 2765 afin
1356 2726 1404 2764 de
1423 2739 1627 2778 repousser
1646 2726 1700 2764 les
1719 2727 1815 2764 Bre-

403 2798 502 2828 tons.
520 2788 636 2837 (Ibid.
657 2790 756 2840 Reg.
779 2789 872 2834 194,
894 2802 934 2839 p.
958 2789 1070 2836 170.)

446 2841 494 2888 Υ1.
525 2851 690 2899 Propter
703 2847 798 2886 dans
821 2848 857 2886 le
876 2861 949 2888 ms.
