2054 3470
718 352 866 389 LIBER
892 350 1162 391 SECUNDUS.
1580 351 1653 388 181

241 442 480 500 stantiam,
502 439 646 487 fidem
665 448 807 503 atque
825 438 1147 485 sinceritatem
1165 446 1452 502 compertas,
1474 448 1659 503 specta-

243 530 314 568 tas
335 529 382 566 et
406 517 670 583 exploratas
687 515 921 575 habebat,
947 531 1047 562 non
1074 513 1163 560 suit
1189 513 1252 560 ad
1280 514 1664 562 circumvenien-

243 595 360 643 dum
385 604 431 642 et
452 592 743 641 flectendum
767 592 915 640 facilis
939 591 1066 639 illitis
1091 590 1232 638 melle
1258 591 1580 639 sermonibus.
1607 595 1666 639 Et

244 672 456 740 profecto
483 669 756 718 credibilius
784 678 878 729 est,
907 669 945 715 si
968 678 1065 715 tam
1090 677 1316 714 constans
1344 677 1487 732 atque
1511 667 1664 715 fidum

246 767 384 798 suum
425 764 612 813 semper
649 750 942 794 Francorum
983 763 1065 793 rex
1097 744 1388 793 exhibuisset
1419 746 1666 810 ingenium

246 829 368 875 facto
398 835 444 874 et
475 842 644 891 opere,
676 840 822 889 quam
852 841 984 885 acre,
1019 823 1158 871 velox
1189 833 1333 888 atque
1365 823 1592 871 callidum
1622 834 1670 872 et

246 912 486 952 versutum
524 902 574 949 in
609 901 769 949 multis
800 901 901 964 jam
932 899 1231 959 ostenderat,
1256 900 1414 966 ipsum
1436 916 1550 947 cum
1574 902 1670 947 An-

246 980 433 1045 glorum
465 995 575 1044 rege
611 989 659 1026 et
695 994 842 1043 regno
859 1014 872 1038 ,
910 977 1044 1043 quod
1077 979 1354 1043 perquirere
1390 976 1668 1041 videbatur,

247 1057 399 1107 foedus
419 1058 730 1105 inventurum
753 1056 918 1103 fuisse-

311 1137 480 1199 Magna
512 1134 640 1185 enim
660 1143 708 1181 et
733 1134 829 1181 lata
853 1143 1088 1181 terrarum
1112 1132 1346 1188 dominia,
1373 1143 1469 1181 tam
1494 1133 1555 1181 de
1574 1133 1671 1181 suis

246 1228 392 1276 quam
415 1211 477 1259 de
501 1211 720 1259 hostibus
735 1211 811 1275 (ut
835 1210 961 1259 fama
986 1210 1262 1275 ferebatur),
1292 1210 1473 1259 eisdem
1503 1210 1673 1259 offere-

246 1289 372 1350 bat¹3
393 1307 447 1337 ex
462 1289 637 1354 quibus
652 1290 867 1353 ingentes
883 1289 1251 1348 commoditates
1268 1289 1528 1356 Anglorum
1544 1290 1673 1354 genti

248 1377 295 1415 et
319 1383 468 1431 regno
490 1366 625 1414 facile
648 1368 904 1432 provenire
925 1367 1211 1433 potuissent.

314 1445 407 1492 Sed
432 1445 687 1509 quoniam,
715 1455 832 1492 teste
854 1446 1110 1505 Cicerone,
1137 1445 1504 1493 fundamentum
1531 1445 1675 1494 stabi-

250 1523 393 1570 litatis
416 1522 810 1587 constantiaeque‚
841 1540 987 1587 quam
1012 1523 1061 1569 in
1088 1523 1308 1570 amicitiis
1330 1524 1586 1588 quaerimus
1604 1533 1675 1572 at-

252 1615 346 1664 que
369 1608 608 1663 optamus,
637 1608 707 1645 est
730 1598 848 1646 fides
865 1637 877 1660 ,
907 1599 1059 1646 fidum
1084 1609 1242 1646 autem
1271 1616 1372 1647 esse
1394 1617 1492 1647 non
1522 1609 1679 1666 potest

254 1676 500 1741 multiplex
538 1677 783 1739 ingenium
822 1687 868 1724 et
914 1687 1184 1726 tortuosiun
1201 1713 1213 1737 ,
1255 1695 1354 1726 non
1393 1679 1676 1726 existimavit

255 1753 503 1800 Edoardus
519 1763 676 1800 tutum
693 1754 782 1802 sibi
799 1772 887 1802 nec
906 1755 1200 1803 conveniens
1220 1755 1323 1803 fore
1345 1772 1458 1803 cum
1477 1756 1676 1804 homine

252 1832 300 1878 in
331 1847 430 1895 quo
460 1840 640 1878 tantam
669 1832 1064 1894 inconstantiam,
1093 1832 1492 1898 multiplicitatem
1518 1843 1565 1880 et
1590 1849 1674 1882 va-

252 1909 469 1957 rietatem
491 1909 839 1974 comperiisset,
867 1909 1020 1958 foedus
1042 1909 1118 1957 vel
1141 1910 1372 1958 amicitias
1393 1911 1636 1976 copulare.

310 2085 345 2123 1.
378 2083 438 2121 On
460 2075 571 2121 disait
593 2084 615 2120 a
635 2082 674 2121 la
690 2096 783 2121 cour
803 2082 851 2122 de
870 2086 1102 2136 Bourgogne
1125 2097 1201 2135 que
1220 2083 1338 2123 Louis
1353 2086 1411 2123 XI
1436 2083 1541 2122 avait
1562 2083 1678 2122 offert

256 2155 307 2182 au
323 2141 381 2181 roi
396 2141 665 2194 d'Angleterre
684 2141 732 2181 de
748 2142 804 2181 lui
823 2143 974 2182 donner
991 2143 1029 2181 le
1047 2156 1143 2195 pays
1162 2143 1210 2182 de
1228 2145 1357 2193 Caux,
1375 2147 1512 2182 Rouen
1526 2156 1553 2194 y
1571 2156 1678 2181 com-

257 2201 358 2254 pris,
378 2215 426 2240 en
443 2201 602 2240 l’aidant
619 2204 638 2239 a
657 2202 866 2253 conquerir
885 2216 951 2241 sur
972 2203 1028 2242 les
1045 2203 1343 2256 Bourguignons
1361 2202 1567 2242 Abbeville
1586 2211 1624 2241 et
1643 2201 1680 2240 le

258 2263 381 2300 comte
405 2261 452 2300 de
475 2262 682 2304 Ponthieu.
709 2266 781 2301 Les
800 2264 1010 2315 premieres
1035 2264 1188 2316 paroles
1206 2264 1255 2302 de
1281 2277 1325 2302 ce
1354 2263 1479 2315 projet
1504 2262 1681 2302 auraient

259 2323 319 2362 ete
335 2323 455 2372 jetees
477 2323 544 2361 des
566 2326 670 2363 1466
682 2353 692 2370 ,
714 2337 865 2362 comme
881 2337 932 2362 on
950 2325 987 2363 le
1004 2325 1087 2363 voit
1104 2338 1175 2376 par
1190 2336 1268 2362 une
1288 2323 1398 2362 lettre
1415 2323 1468 2362 du
1486 2331 1611 2361 comte
1629 2321 1678 2361 de

260 2379 456 2422 Charolais
474 2382 540 2434 qui
559 2386 638 2421 s’en
657 2383 779 2435 plaint
797 2397 847 2422 au
866 2384 925 2422 roi
944 2386 966 2422 a
985 2384 1022 2423 la
1041 2384 1128 2423 date
1149 2385 1203 2423 du
1228 2385 1280 2422 16
1299 2385 1404 2424 αοιὶῐ.
1429 2386 1550 2433 (Cette
1567 2384 1679 2422 lettre

262 2454 285 2480 a
303 2442 362 2479 ete
379 2441 528 2481 donnee
546 2456 617 2494 par
636 2443 779 2481 Duclos
796 2474 806 2491 ‚
827 2447 929 2484 Hist.
951 2446 1000 2481 de
1019 2449 1133 2482 Louis
1159 2447 1241 2492 XI,
1264 2444 1391 2495 pieces
1417 2443 1680 2491 justificatives

264 2499 316 2538 du
332 2500 401 2538 liv.
426 2503 510 2550 IV.)
525 2502 749 2554 Cependant
771 2503 828 2541 les
844 2503 1092 2542 instructions
1112 2516 1284 2542 connues
1300 2503 1367 2541 des
1385 2501 1681 2541 ambassadeurs

265 2557 313 2596 de
330 2558 445 2597 Louis
460 2561 518 2598 XI
537 2560 720 2598 n'etaient
746 2561 854 2613 point
878 2562 999 2600 telles.
1022 2562 1053 2600 Il
1074 2576 1124 2600 ne
1148 2561 1335 2615 s'agissait
1355 2574 1432 2612 que
1460 2560 1612 2599 d’offrir
1630 2573 1683 2598 au

265 2617 324 2655 roi
343 2617 606 2670 d’Angleterre
624 2633 700 2658 une
715 2621 876 2673 pension
894 2622 1074 2660 annuelle
1091 2631 1129 2660 et
1149 2621 1247 2660 dele
1264 2621 1414 2660 leurrer
1436 2634 1502 2659 sur
1517 2633 1577 2658 ses
1593 2618 1682 2670 pre-

267 2676 429 2715 tentions
443 2680 465 2715 a
476 2677 514 2715 la
528 2680 761 2719 Normandie
779 2689 817 2719 et
836 2683 858 2718 a
876 2681 1126 2732 l'Aquitaine‚
1143 2695 1192 2720 en
1207 2681 1263 2719 lui
1275 2681 1420 2719 offrant
1437 2680 1484 2718 de
1500 2686 1682 2717 remettre

265 2743 363 2773 cette
381 2736 557 2785 question
578 2739 600 2774 a
613 2737 650 2776 la
667 2737 835 2777 decision
853 2739 906 2778 du
927 2753 1040 2791 pape.
1062 2739 1254 2792 Lingard,
1276 2748 1304 2778 t.
1331 2742 1385 2786 II,
1407 2751 1441 2777 c.
1462 2751 1519 2778 lx.
