2054 3470
398 362 475 401 140
679 411 684 415 .
761 356 1103 398 HISTORIARUM
1128 357 1367 397 LUDOVICI
1392 358 1451 396 XI

396 458 499 498 erat
512 485 525 509 ,
544 448 771 496 nuntium
793 456 977 494 certum
995 446 1253 512 accepisset
1267 483 1280 508 ,
1305 445 1432 493 illico
1447 482 1460 508 ‚
1483 444 1677 496 dimissa
1694 449 1812 496 Nor-

396 526 619 585 mannia,
668 540 832 571 versus
877 523 1079 570 Parisios
1115 522 1202 570 ubi
1237 533 1338 570 erat
1376 540 1486 584 rex,
1530 523 1711 572 studuit
1732 541 1813 581 >re·

396 604 542 661 verti,
577 601 782 650 dimissis
817 601 1065 648 Britonum
1092 601 1242 666 copiis
1260 617 1379 666 quas
1400 617 1563 649 secum
1585 600 1808 663 duxerat,

395 697 507 728 cum
527 679 771 727 nonnullis
785 678 846 726 de
864 678 1172 744 stipendiaria
1195 679 1315 743 regis
1338 679 1528 736 militia,
1547 679 1630 744 qui
1649 689 1810 745 partes

395 774 503 805 suas
540 758 690 804 secuti
722 756 933 818 fuerant3
973 756 1254 821 primusque
1289 756 1562 822 principum
1588 757 1809 804 omnium

395 836 521 882 male
537 835 597 882 de
616 835 717 882 aliis
736 843 989 882 contentus
1002 870 1014 894 ,
1040 850 1098 881 eo
1115 833 1249 898 quod
1266 871 1279 896 ,
1303 851 1352 881 se
1380 834 1510 882 velut
1530 843 1809 900 contempto

397 912 473 960 vel
507 911 808 978 posthabito,
845 912 965 960 nihil
994 911 1084 959 sihi
1119 929 1147 959 a
1184 928 1292 976 rege
1321 911 1639 959 obtinuissent
1656 915 1692 974 ¹,
1727 922 1811 962 aut

396 1006 497 1037 non
515 999 750 1054 quantum
768 999 1002 1056 optasset,
1027 999 1170 1055 rupto
1195 989 1371 1037 foedere
1392 989 1451 1037 ad
1474 1006 1635 1055 regem
1660 1007 1811 1038 acces-

395 1067 470 1114 sit.
496 1067 591 1125 Qui
612 1067 816 1115 libenter
839 1084 951 1115 eum
983 1066 1046 1115 ad
1077 1084 1127 1115 se
1151 1067 1397 1115 retrahens
1427 1067 1543 1132 (qui
1565 1076 1739 1133 potens
1759 1077 1810 1114 et

396 1160 595 1209 magnus
626 1146 847 1211 princeps
889 1145 1052 1209 erat),
1085 1145 1319 1210 plurimos
1356 1143 1447 1192 sibi
1487 1154 1536 1193 et
1571 1145 1809 1209 germanis

395 1222 491 1269 suis
508 1222 718 1270 honores
735 1232 781 1270 et
806 1238 1007 1270 munera
1027 1222 1232 1270 contulit
1245 1225 1276 1269 ².

461 1298 585 1347 Abiit
605 1310 764 1348 autem
795 1309 842 1348 et
873 1300 1062 1348 recessit
1095 1317 1207 1347 cum
1241 1299 1542 1347 festinatione
1567 1298 1630 1347 ad
1662 1309 1810 1348 terras

397 1379 548 1437 suas³,
582 1378 655 1425 sui
686 1394 858 1444 parens
888 1378 1057 1443 optimi
1091 1377 1318 1441 genitoris
1353 1378 1582 1443 imperio,
1620 1377 1811 1435 illustris

397 1470 559 1502 comes
603 1455 664 1503 de
704 1455 947 1503 Charolois
962 1491 975 1515 ,
1015 1464 1070 1502 ut
1100 1454 1300 1502 stolidos
1329 1465 1377 1502 et
1405 1453 1664 1502 insolentes
1696 1456 1811 1501 Leo-

394 1606 573 1646 Conflans
599 1608 690 1660 pres
715 1607 934 1647 Charenton
947 1636 958 1656 ,
981 1605 1009 1645 il
1035 1604 1233 1645 entendait
1249 1604 1438 1645 Conflans
1446 1603 1808 1654 ‘Sainte-Honorine,

395 1668 658 1706 au.confluent
676 1667 724 1706 de
742 1667 874 1706 l'Oise.

449 1729 487 1765 1.
518 1727 551 1766 Il
570 1731 638 1779 n’y
657 1741 681 1766 a
697 1727 983 1766 effectivement
1004 1725 1052 1765 de
1074 1724 1213 1777 stipule
1236 1737 1337 1777 pour
1355 1723 1432 1773 lui,
1452 1722 1548 1763 dans
1573 1723 1611 1762 16
1628 1723 1741 1762 truite
1761 1723 1812 1763 de

394 1786 651 1837 Saint-Maur‚
675 1801 751 1839 que
768 1787 806 1826 13
823 1786 1018 1826 reddition
1037 1786 1104 1825 des
1122 1785 1251 1838 places
1269 1785 1336 1836 qui
1353 1784 1409 1823 lui
1425 1784 1584 1824 avaient·
1596 1783 1657 1823 ete
1671 1783 1810 1836 prises,

394 1845 655 1899 l'assignation
675 1847 794 1885 d’une
817 1854 925 1885 rente
950 1859 1051 1898 pour
1072 1846 1110 1883 la
1136 1844 1203 1882 dot
1224 1844 1273 1882 de
1298 1857 1340 1882 sa
1363 1843 1504 1882 femme
1527 1847 1648 1893 (soeur
1663 1842 1718 1882 du
1736 1843 1812 1892 roi)

395 1905 463 1955 qui
481 1918 532 1944 ne
555 1906 610 1944 lui
627 1906 732 1944 avait
747 1919 815 1958 pas
837 1918 977 1944 encore
995 1904 1055 1943 ete
1072 1904 1194 1955 payee
1205 1932 1217 1951 ‚
1237 1911 1275 1941 et
1293 1903 1396 1941 enfin
1412 1903 1450 1941 la
1467 1915 1665 1954 promesse
1684 1914 1811 1955 vague

395 1965 490 2004 d’un
508 1967 843 2006 commandement
865 1980 932 2005 sur
948 1978 1025 2004 une
1045 1964 1170 2017 partie
1182 1963 1249 2002 des
1261 1976 1354 2015 gens
1371 1963 1537 2002 d'armes
1553 1962 1601 2001 de
1612 1962 1652 2001 la
1663 1961 1811 2015 grande

395 2024 659 2066 ordonnance.

449 2086 490 2126 2.
520 2084 551 2122 Il
570 2092 679 2135 recut
695 2084 734 2123 13
753 2083 895 2135 charge
914 2082 962 2121 de
980 2082 1191 2121 lieutenant
1209 2081 1365 2134 general
1383 2080 1480 2119 dans
1493 2080 1531 2120 le
1551 2079 1679 2120 duche
1693 2079 1812 2120 d’Or-

393 2142 522 2191 leans,
550 2143 587 2182 16
620 2143 744 2182 comte
774 2143 823 2182 de
853 2142 980 2189 Blois,
1016 2142 1054 2180 la
1084 2140 1276 2193 Sologne,
1307 2141 1345 2179 le
1368 2143 1514 2192 Berry,
1538 2140 1576 2179 le
1598 2139 1810 2192 Lyonnais,

394 2201 641 2254 l'Albigeois,
670 2202 708 2240 16
738 2202 880 2253 Velay,
906 2202 942 2240 le
966 2201 1142 2240 Vivarais
1158 2231 1168 2250 ,
1198 2200 1235 2239 le
1259 2199 1474 2238 Ge'vaudan
1490 2230 1502 2249 ,
1525 2199 1562 2238 16
1582 2199 1725 2248 Querci
1739 2230 1752 2249 ‚
1773 2199 1812 2238 le

391 2261 591 2300 Limousin
618 2270 656 2301 et
675 2261 712 2300 le
730 2261 916 2314 Perigord
935 2264 1000 2311 (19
1023 2260 1236 2313 novembre
1255 2262 1375 2310 1465)
1387 2291 1398 2310 ‚
1419 2260 1608 2299 immense
1634 2271 1811 2311 gouver-

394 2329 551 2360 nement
569 2321 637 2372 qui
661 2321 717 2359 lui
743 2321 800 2359 fut
823 2320 1015 2372 remplace
1038 2320 1188 2362 l'annee
1211 2319 1386 2359 suivante
1410 2332 1483 2371 par
1500 2318 1600 2357 celui
1625 2317 1681 2372 dn
1701 2320 1811 2356 Lan-

394 2380 559 2434 guedoc.
580 2381 612 2419 Il
632 2389 698 2419 eut
715 2393 763 2419 en
786 2389 897 2419 outre
917 2381 955 2418 la
974 2389 1075 2419 terre
1091 2380 1139 2418 de
1157 2379 1370 2418 Sommiere
1383 2391 1433 2417 en
1445 2376 1677 2430 Languedoc
1693 2378 1811 2426 (Dom

393 2440 583 2489 Vaissete‚
614 2443 717 2478 Hist.
746 2441 796 2477 de
817 2441 1057 2491 Languedoc,
1081 2447 1110 2476 t.
1131 2440 1189 2487 V‚-
1203 2453 1245 2491 p.
1268 2441 1349 2487 32).
1373 2441 1452 2478 Son
1471 2437 1594 2484 frere,
1618 2436 1656 2475 16
1672 2435 1811 2476 113ωά

396 2499 446 2538 de
468 2498 668 2549 Bourbon‚
691 2500 749 2537 fut
770 2499 891 2537 marie
919 2501 941 2536 3
963 2512 1041 2537 11116
1061 2498 1139 2537 fille
1158 2498 1357 2552 *naturelle
1386 2496 1436 2535 de
1458 2496 1576 2535 Louis
1599 2498 1658 2535 XI
1676 2498 1715 2543 (7
1734 2508 1810 2534 no-

394 2558 585 2608 vembre),
609 2567 647 2597 et
672 2572 750 2611 peu
776 2560 889 2611 apres
915 2559 1078 2597 succeda
1107 2572 1158 2597 en
1178 2559 1217 2597 la
1233 2558 1375 2610 charge
1396 2556 1572 2595 d‘amiral
1599 2556 1650 2595 de
1664 2557 1811 2595 France

394 2620 417 2657 ὲ
435 2620 531 2656 ,16311
548 2617 597 2655 (16
615 2616 851 2655 Montauban
862 2619 1036 2669 (Lenglet
1050 2618 1285 2669 Dusresnoy,
1302 2620 1522 2666 commines,
1538 2624 1566 2654 t.
1580 2618 1634 2664 11,
1648 2629 1692 2668 p.
1707 2617 1757 2654 57
1771 2623 1810 2654 et

395 2679 506 2726 544).
528 2679 655 2726 Quant
679 2677 702 2714 3
719 2676 857 2714 l'autre
877 2676 993 2725 frere,
1016 2684 1054 2714 et
1069 2676 1172 2714 frere
1190 2675 1373 2730 legitime,
1398 2675 1529 2714 Pierre
1547 2675 1596 2714 de
1620 2673 1806 2723 Beaujeu,

394 2738 421 2776 il
442 2750 492 2777 ne
511 2739 648 2777 voulut
662 2737 757 2776 faire
775 2750 846 2775 son
863 2736 1219 2776 accommodement
1236 2749 1312 2788 que
1330 2735 1534 2788 beaucoup
1551 2735 1640 2788 plus
1660 2733 1746 2773 tard
1764 2740 1806 2787 et

396 2797 455 2837 fut
472 2797 593 2837 marie
615 2799 637 2836 3
654 2797 693 2836 13
709 2797 787 2836 fille
808 2795 918 2835 ainee
939 2796 993 2835 du
1011 2796 1085 2835 roi.
1766 2792 1775 2796 ⁵

452 2859 490 2896 3.
521 2856 554 2895 Il
571 2856 689 2909 partit
705 2855 754 2895 de
772 2855 950 2895 Conflans
973 2855 1011 2894 le
1028 2857 1074 2894 31
1097 2854 1269 2896 octobre.
