2054 3470
398 332 476 369 202
661 376 671 386 ς
763 331 1107 370 HISTORIARUM
1131 332 1368 371 LUDOVICI
1394 334 1451 371 XI

397 418 575 480 caeteri,
597 419 731 483 juxta
757 419 1039 484 sponsiones
1063 419 1186 466 inter
1209 436 1260 468 se
1282 420 1445 481 factaS‚
1474 437 1558 468 eos
1582 422 1802 483 insecuti,

398 496 744 561 adaequassent,
770 512 869 543 non
893 496 1095 544 dubium
1114 498 1229 560 quin
1247 497 1307 545 de
1325 498 1455 562 ipsis,
1481 498 1661 545 nedum
1679 499 1805 563 prin-

399 574 613 638 cipibus,
660 573 745 621 sed
781 584 828 621 et
870 574 930 621 de
972 575 1201 624 militibus
1240 586 1286 623 et
1323 577 1554 635 exercitu,
1603 586 1808 640 stragem

398 652 636 716 ingentem
666 651 883 699 fecissent
920 652 1185 718 urbemque
1221 669 1355 701 suam
1391 663 1438 700 et
1474 653 1709 718 populum
1745 655 1808 702 ab

397 728 666 775 imminenti
702 728 1024 777 vindicassent
1061 731 1264 778 excidio.
1306 730 1398 777 Sed
1427 731 1501 777 vel
1537 740 1695 790 metu,
1732 732 1807 779 vel

397 806 608 870 ignavia,
647 815 731 852 aut
769 806 961 866 inertia,
1002 808 1235 872 promissa
1272 817 1319 855 et
1353 807 1576 855 condicta
1610 808 1808 856 minime

396 882 734 947 adimplentes,
772 892 818 929 et
853 883 993 930 sociis
1028 885 1122 931 suis
1152 884 1307 945 necis,
1343 893 1390 931 et
1419 884 1594 931 civitati
1624 885 1807 950 totique

397 960 559 1025 patriae
580 959 858 1007 calamitatis
881 976 1062 1023 magnae
1083 977 1278 1009 causam
1300 962 1632 1026 praestiterunt.

383 1035 386 1039 ’
461 1042 671 1085 Accenso
699 1038 828 1084 enim
857 1038 1062 1103 proinde
1090 1038 1334 1087 acerbiore
1363 1039 1476 1086 odio
1504 1049 1551 1086 et
1579 1039 1807 1105 indigna-

395 1116 527 1162 tione
555 1120 734 1180 majore
759 1115 916 1179 (quae,
947 1125 994 1163 et
1024 1116 1204 1181 absque
1234 1116 1351 1178 hoc,
1378 1126 1606 1181 perantea
1627 1118 1738 1165 satis
1761 1128 1809 1165 et

395 1193 651 1258 supersatis
674 1192 971 1241 exacerbata¹
992 1194 1138 1258 erat),
1164 1194 1323 1259 parari
1356 1203 1402 1240 et
1433 1193 1624 1259 disponi
1645 1195 1808 1242 omnia

395 1270 790 1334 Burgundionum
828 1270 928 1317 dux
957 1271 1019 1318 ad
1049 1271 1184 1318 urbis
1223 1271 1624 1336 expugnationem
1650 1271 1804 1335 jussit.

397 1349 453 1393 Et
483 1348 713 1411 quoniam
752 1348 878 1395 intra
910 1365 1016 1395 eam
1055 1349 1249 1414 plurimi
1281 1358 1417 1396 erant
1447 1349 1556 1413 qui,
1596 1358 1644 1396 et
1676 1349 1810 1412 signa

395 1426 840 1488 regisFrancorum
877 1426 1118 1485 ferebant,
1156 1436 1203 1473 et
1236 1443 1324 1473 suo
1355 1427 1555 1473 nomine
1589 1435 1637 1473 et
1671 1425 1809 1473 titulo

393 1503 720 1551 acclamabant
743 1504 863 1568 (non
886 1503 1094 1551 valentes
1113 1521 1194 1551 seu
1217 1505 1361 1551 etiam
1380 1504 1594 1551 volentes
1615 1503 1810 1551 credere

393 1581 527 1645 quod
573 1581 635 1629 ad
679 1581 814 1629 urbis
857 1598 952 1629 suae
993 1582 1234 1629 excidium
1265 1585 1558 1628 Francorum
1592 1597 1676 1628 rex
1715 1580 1810 1629 illic

394 1658 578 1706 adesset
614 1668 660 1706 et
694 1675 804 1706 cum
841 1659 1258 1723 Burgundionibus
1292 1657 1598 1722 advenisset),
1625 1658 1810 1724 procla-

394 1736 541 1783 matio
576 1747 720 1801 atque
757 1736 966 1784 edictum
1004 1738 1053 1784 in
1090 1737 1253 1785 castris
1290 1736 1686 1800 Burgundionum
1723 1737 1810 1784 fuit

392 1812 687 1877 publicatum
721 1825 772 1862 ut
805 1815 988 1875 nullus,
1021 1815 1111 1862 sub
1143 1831 1286 1880 poena
1313 1814 1502 1874 mortis,
1535 1813 1636 1860 sine
1667 1829 1810 1860 cruce

393 1891 542 1937 sancti
570 1891 790 1952 Andreae,
822 1909 927 1956 quae
954 1902 1023 1939 est
1050 1891 1444 1956 Burgundionum
1468 1891 1678 1953 signum,
1708 1890 1808 1938 ullo

392 1977 533 2031 pacto
565 1979 827 2034 appareret.
862 1970 951 2016 Cui
985 1969 1144 2016 edicto
1184 1985 1283 2015 non
1315 1967 1464 2014 modo
1497 1968 1687 2029 Franci,
1723 1967 1809 2032 qui

392 2061 503 2091 cum
533 2062 642 2110 rege
678 2046 994 2106 advenerant,
1024 2062 1191 2092 verum
1224 2045 1366 2092 etiam
1395 2045 1495 2108 ipse
1523 2060 1605 2090 rex
1635 2043 1808 2092 devote

392 2140 591 2189 parens«,
633 2125 822 2188 signum
856 2123 1134 2189 hujusmodi
1173 2124 1223 2170 in
1263 2139 1348 2170 sua
1381 2130 1512 2169 veste
1554 2121 1720 2186 patulo
1751 2136 1807 2170 ac

392 2201 639 2248 manifeste
661 2202 882 2266 portavit.

455 2282 514 2326 Et
548 2296 637 2327 nec
669 2297 728 2327 eo
760 2281 864 2327 solo
896 2289 1170 2341 contentus,
1209 2278 1294 2326 sed
1329 2288 1382 2325 ut
1412 2277 1630 2325 devotius
1663 2276 1806 2324 etiam

391 2355 590 2421 obsequi
607 2367 750 2421 atque
769 2357 893 2405 affici
909 2358 1021 2405 duci
1041 2356 1433 2421 Burgundionum
1448 2371 1498 2402 se
1514 2351 1802 2412 ostenderet,

390 2443 437 2481 et
454 2450 516 2481 ne
532 2434 648 2499 quid
663 2451 860 2500 prorsus
880 2435 1162 2500 suspicionis
1179 2433 1384 2481 adversae
1400 2432 1690 2495 relinqueret
1705 2444 1806 2477 non

388 2522 667 2577 purgatum,
693 2529 805 2559 cum
832 2513 1055 2560 nonnulli
1089 2503 1378 2570 ex'civibuS,
1408 2517 1567 2572 regem
1595 2511 1805 2555 Franco-

389 2607 497 2638 rum
521 2592 570 2638 in
601 2591 830 2638 auxilium
861 2591 1162 2649 invocantes,
1189 2606 1238 2636 se
1261 2604 1465 2652 suosque
1487 2586 1689 2633 militare
1718 2584 1806 2632 sibi

352 2704 355 2707 ,
393 2668 737 2730 acclamarent,
773 2684 856 2716 eos
884 2669 1108 2715 mentitos
1135 2667 1237 2714 fore
1264 2683 1343 2713 rex
1374 2666 1473 2730 ipse
1496 2681 1580 2711 ore
1606 2662 1806 2729 proprio

445 2822 483 2860 1.
517 2818 748 2858 Exacerbati
766 2818 859 2858 dans
881 2819 918 2857 le
940 2831 1009 2857 ms.
