2054 3470
441 288 517 325 216
799 289 1141 326 HISTORIARUM
1167 289 1403 327 LUDOVICI
1430 291 1486 327 XI

441 393 585 441 super
608 377 806 424 flumine
822 377 1071 441 quodam',
1095 378 1143 424 in
1167 378 1389 436 Pictavia,
1417 389 1613 444 propter
1629 379 1724 427 hoc
1742 397 1854 428 con-

443 454 624 500 structi.
668 455 769 512 Dici
809 464 967 502 autem
1005 454 1139 501 facile
1178 471 1274 501 non
1318 465 1478 520 posset
1514 466 1723 519 quantus
1760 457 1853 503 illic

442 547 632 591 rumor,
670 532 731 579 de
770 549 937 596 guerra
971 532 1214 580 inferenda
1247 532 1452 579 ducibus
1493 533 1774 596 Burgundiae
1795 544 1855 588 ¹et

442 609 715 670 Britannioe,
749 619 851 656 toto
876 626 1022 672 regno
1051 610 1310 674 pertonuit.
1342 612 1571 657 Omnium
1603 627 1737 675 paene
1761 627 1854 659 vox

440 702 534 732 una
558 697 673 748 erat,
702 704 797 733 una
819 687 1067 746 sententia,
1093 687 1258 734 eadem
1282 688 1581 749 existimatio,
1609 688 1737 734 illico
1756 687 1855 735 bel-

439 764 540 811 lum
581 782 666 829 per
702 781 889 828 regem,
931 765 1163 828 adjunctis
1201 765 1354 812 fratris
1389 766 1462 812 sui
1499 765 1675 812 viribus
1711 775 1854 830 atque

438 843 644 903 auxiliis,
681 842 919 889 ambobus
950 842 1275 901 inferendum,
1310 844 1479 891 ambos
1509 844 1854 909 opprimendos

436 930 577 984 atque
620 920 1029 982 exterminandos;
1073 921 1318 968 nonnullis
1357 922 1652 982 dicentibus,
1693 939 1853 985 regem

438 997 580 1060 hujus
606 997 716 1045 belli
743 1014 980 1044 summam
1009 1014 1236 1061 germano
1259 1014 1347 1046 suo
1375 1015 1579 1063 suasque
1610 1001 1772 1064 copias
1806 1011 1854 1048 et

438 1076 698 1122 exercitum
721 1075 896 1122 dehere
918 1077 1240 1136 committere,
1265 1077 1517 1140 solumque
1538 1076 1600 1124 ad
1620 1076 1715 1124 hoc
1738 1094 1851 1124 eum

437 1152 674 1214 sufficere3
693 1154 793 1200 aliis
813 1153 1099 1217 jactantibus
1121 1153 1346 1200 eumdem
1367 1155 1598 1201 vicarium
1619 1170 1758 1201 suum
1774 1171 1852 1218 ge·

438 1230 651 1278 neralem
680 1232 729 1277 in
763 1231 897 1294 regni
926 1230 1336 1278 administratione
1365 1232 1525 1278 fecisse
1557 1231 1851 1279 facturumve

436 1325 556 1356 esse.
584 1311 659 1368 Et,
684 1318 738 1355 ut
762 1311 811 1354 in
835 1308 1007 1355 talibus
1029 1307 1132 1355 fieri
1153 1307 1341 1369 assolet,
1369 1308 1674 1355 scindebatur
1696 1309 1850 1355 incer—

435 1397 539 1434 tum
571 1387 727 1433 studia
757 1389 806 1432 in
839 1387 1080 1434 contrarIa
1107 1386 1297 1449 vulgus3
1333 1387 1440 1446 sed,
1474 1385 1643 1451 procul
1675 1385 1850 1443 dubio,

435 1465 532 1528 regi
553 1464 694 1526 longe
714 1463 805 1511 alia
822 1480 958 1511 mens
976 1473 1093 1523 erat,
1119 1479 1265 1527 quam
1286 1473 1340 1510 ut
1358 1464 1591 1510 exercitus
1612 1473 1660 1509 et
1678 1462 1852 1509 militiae

434 1559 530 1590 suae
553 1541 785 1589 ducatum
809 1558 1037 1606 germano
1061 1559 1168 1603 suo,
1197 1543 1501 1606 quantumvis
1526 1542 1849 1603 reconciliato,

435 1620 774 1677 committeret3
798 1618 882 1665 sed
898 1620 1014 1682 quin
1032 1618 1090 1666 de
1106 1619 1426 1684 opprimendo
1443 1629 1491 1667 et
1508 1619 1852 1683 exstinguendo

435 1695 685 1761 praedictos
708 1695 877 1754 duces,
903 1696 941 1741 si
968 1686 1011 1742 ei
1037 1697 1387 1761 permitteretur
1410 1697 1623 1756 saeultas,
1647 1706 1694 1743 et
1714 1706 1852 1743 antea

433 1783 480 1820 et
505 1783 609 1819 tum
634 1774 839 1819 maxime
861 1774 1109 1837 cogitaret,
1138 1774 1319 1820 nemini
1341 1774 1390 1820 in
1416 1784 1624 1822 mentem
1647 1774 1851 1821 dubium

433 1851 595 1897 venire
620 1849 779 1896 debet.
813 1850 936 1897 Nihil
965 1851 1142 1915 quippe
1164 1860 1263 1897 erat
1284 1851 1333 1896 in
1359 1867 1457 1915 quo
1481 1851 1682 1915 amplius
1709 1868 1848 1899 suum

432 1928 723 1975 desiderium
755 1938 1039 1989 versaretur,
1073 1928 1190 1974 nihil
1218 1927 1351 1991 quod
1383 1937 1629 1993 exoptaret
1656 1928 1849 1976 ferven-

431 2008 544 2053 tius.
570 2006 660 2053 Sed
685 2008 798 2070 quia
815 2007 939 2053 vires
963 2007 1096 2068 regni
1118 2006 1290 2068 Angliae
1307 2006 1396 2052 sibi
1415 2016 1644 2071 suspectae
1661 2023 1850 2072 semper

431 2094 568 2131 erant
588 2093 634 2131 ct
653 2083 930 2143 formidatae,
953 2100 1063 2130 cum
1080 2101 1179 2148 quo
1199 2084 1345 2131 duces
1363 2084 1579 2148 praefatos
1597 2084 1850 2133 foederatos

430 2160 649 2218 videbat,
680 2171 779 2207 tam
801 2160 1007 2206 arduum
1029 2178 1151 2225 opus
1171 2161 1351 2208 adoriri
1372 2161 1626 2208 verebatur
1647 2162 1847 2210 distulit-

429 2255 542 2303 que.
586 2239 755 2285 Hieme
794 2237 999 2303 [autem]
1041 2239 1259 2303 proxima
1300 2249 1518 2303 peracta,
1560 2248 1720 2304 optata
1759 2239 1847 2286 sibi

427 2326 598 2380 atque,
640 2330 723 2362 sua
763 2316 1136 2374 existimatione,
1177 2317 1314 2363 valde
1349 2327 1621 2382 opportuna
1659 2319 1846 2365 occasio

428 2393 760 2457 hujuscemodi
782 2410 883 2440 rem
906 2393 1213 2457 aggrediendi
1236 2394 1374 2442 allata
1397 2405 1481 2441 est.

495 2474 551 2517 Et
585 2471 697 2535 quia
734 2472 834 2534 jam
868 2470 998 2518 dicto
1035 2472 1159 2518 inter
1195 2472 1513 2530 Ludovicum,
1552 2475 1846 2520 Francorum

427 2566 610 2614 regem,
644 2558 691 2595 et
722 2548 970 2608 Carolum,
1006 2565 1286 2611 germanum
1314 2566 1477 2609 suum,
1506 2564 1732 2614 percusso
1759 2551 1846 2598 foe-

476 2677 494 2712 1
507 2705 515 2714 .
548 2676 622 2713 Sur
643 2687 695 2712 un
716 2684 810 2726 pont
829 2674 877 2713 de
897 2674 1064 2713 bateaux
1077 2674 1156 2723 jetc
1177 2687 1224 2712 en
1243 2683 1391 2712 travers
1412 2674 1459 2713 de
1479 2675 1515 2713 la
1535 2677 1675 2722 sevre,
1697 2689 1747 2714 au
1766 2675 1843 2714 lieu

422 2733 478 2772 dit
507 2733 544 2771 le
574 2733 910 2782 Port-de-Braud‚
946 2734 1033 2785 pres
1069 2733 1117 2771 de
1148 2735 1299 2771 Marans
1333 2734 1601 2782 (aujourd'hui
1631 2734 1840 2775 Charente-

423 2793 637 2831 Inferieure
646 2796 672 2839 ).
