2054 3470
337 308 388 342 u
700 303 1044 343 HISTORIARUM
1070 303 1308 341 LUDOVICI
1332 303 1389 339 XI

337 394 578 458 sanguinis
616 394 686 446 sui
732 410 788 441 ac
825 409 1080 459 procerum
1120 394 1286 458 regni,
1329 391 1419 440 sub
1457 391 1749 456 pragmatica

337 472 582 520 sanctione
616 472 854 536 jussisset,
901 488 956 518 ac
992 471 1224 536 quamdiu
1261 470 1503 518 observari
1548 469 1744 516 fecisset.

339 552 432 596 Pro
465 565 559 613 qua
594 558 754 595 tamen
789 565 864 608 re,
900 549 1158 613 apostolica
1190 548 1327 596 sedes
1359 564 1471 595 eum
1502 562 1750 611 nunquam

337 625 827 673 excommunicatione
852 642 880 672 a
907 627 1247 673 communione
1279 625 1493 673 fidelium
1522 623 1746 683 exclusit,

335 703 419 751 sed
441 703 485 750 ei
506 704 667 768 potius
691 719 879 768 semper
903 704 1292 762 communicavit,
1320 718 1528 766 suosque
1550 701 1744 765 legatos,

336 781 531 828 nuntios
564 791 704 844 atque
737 780 959 845 epistolas
994 779 1340 828 honorabiliter
1373 779 1570 844 recepit.
1613 777 1750 825 Unde

340 874 538 922 magna,
583 856 752 922 procul
791 856 964 914 dubio,
1002 857 1308 923 praesumptio
1349 856 1438 903 fuit
1474 873 1562 921 per
1599 871 1750 902 unum

338 935 480 983 talem
510 934 762 994 nuntium,
795 935 878 999 qui
902 935 963 982 ad
992 934 1087 982 hoc
1120 934 1307 982 nullum
1339 934 1618 982 mandatum
1650 933 1752 980 nul-

337 1013 492 1062 lamve
520 1011 787 1059 facultatem
822 1012 1098 1077 recepisset,
1138 1013 1230 1061 tale
1257 1012 1374 1077 quid
1406 1014 1710 1077 praesumere¹
1736 1031 1747 1059 :

338 1090 386 1136 in
410 1106 508 1154 quo
534 1106 632 1136 non
657 1089 805 1136 modo
829 1089 1040 1137 defuncti
1065 1091 1246 1138 cineres
1277 1089 1522 1138 infamavit
1555 1089 1753 1154 (quate-

338 1183 428 1213 nus
447 1167 494 1212 in
516 1182 566 1212 se
586 1166 705 1229 erat)
729 1182 783 1213 ac
806 1166 1134 1232 sepulchrum;
1157 1167 1241 1214 sed
1263 1177 1311 1214 et
1330 1167 1596 1214 universam
1618 1183 1753 1232 paene

339 1242 616 1307 gallicanam
642 1242 924 1299 Ecclesiam,
962 1244 1106 1291 totius
1138 1244 1383 1292 catholicae
1411 1261 1510 1291 non
1545 1243 1753 1306 ignobile

342 1337 498 1384 neque
526 1320 938 1367 contemnendum
965 1320 1265 1380 membrum,
1291 1322 1389 1368 imo
1414 1330 1462 1368 et
1490 1330 1641 1367 totam
1673 1337 1753 1367 ca·

342 1395 570 1443 tholicam
605 1395 697 1443 hac
740 1396 1000 1460 ignominia
1041 1398 1328 1464 percellebat
1345 1400 1376 1457 ²,
1420 1407 1472 1445 ut
1514 1397 1616 1461 ejus
1656 1397 1753 1443 sin-

341 1473 477 1537 gulos
519 1472 640 1519 filios
672 1483 816 1538 atque
852 1485 1009 1538 pat-res
1048 1475 1189 1522 simili
1211 1491 1411 1522 censura
1440 1484 1660 1533 notaret;
1707 1483 1755 1521 et

342 1551 505 1613 utique
524 1550 584 1596 de
600 1549 876 1614 hujusmodi
893 1568 921 1598 a
937 1569 986 1598 se
998 1551 1126 1599 edita
1143 1553 1432 1617 pragmatica
1451 1562 1498 1599 et
1509 1568 1755 1600 sacrorum

343 1627 673 1675 observatione
696 1628 999 1676 decretorum
1024 1630 1218 1677 minime
1242 1631 1517 1695 poenitenti,
1544 1639 1613 1689 et,
1637 1628 1755 1676 dum
1834 1688 1836 1690 μ

343 1707 390 1753 in
413 1706 635 1753 humanis
659 1706 818 1754 adhuc
838 1718 1018 1771 ageret,
1050 1725 1150 1755 non
1170 1709 1460 1772 requirenti,
1493 1709 1585 1755 tale
1606 1717 1754 1755 teme-

342 1783 520 1831 rarium
551 1793 696 1847 atque
728 1794 1071 1849 praesumptum
1095 1802 1273 1832 munus
1302 1795 1480 1833 temere
1506 1783 1755 1831 nimisim·

341 1858 589 1924 pertiebat.
617 1862 726 1917 Quo
758 1861 797 1907 si
819 1861 982 1908 vivens
1004 1862 1308 1926 moriensque
1332 1862 1629 1926 indiguisset,
1656 1860 1756 1908 vel'

340 1938 386 1985 ei
424 1937 650 1989 defuncto
695 1938 996 2001 profuturum
1027 1941 1207 2004 sperari
1240 1941 1500 2005 potuisset,
1541 1955 1755 1987 necessa·

340 2016 465 2062 rium
507 2022 608 2060 erat
644 2023 696 2059 ut
724 2050 736 2073 ,
794 2025 903 2062 ante
940 2025 1146 2063 mortem
1178 2026 1226 2063 et
1258 2016 1468 2064 necdum
1503 2016 1636 2063 finita
1679 2016 1755 2063 via

341 2091 484 2155 hujus
506 2089 822 2152 mortalitatis,
849 2091 910 2138 de
932 2092 1073 2157 culpa
1096 2109 1177 2139 seu
1202 2094 1507 2141 contumacia
1524 2094 1756 2141 contritus

340 2186 395 2218 ac
418 2170 678 2235 poenitens,
705 2167 795 2216 sibi
817 2169 934 2216 illud
958 2171 1166 2235 praestari
1188 2181 1332 2234 atque
1356 2172 1572 2237 impendi
1597 2173 1754 2236 requi-

341 2248 544 2308 sivisset,
571 2246 706 2310 quod
726 2257 880 2294 morte
903 2258 1170 2312 praeventus
1195 2251 1425 2314 consequi
1448 2250 1754 2314 nequivisset.

339 2324 447 2372 Tale
477 2333 635 2371 autem
664 2323 844 2388 aliquid
868 2323 929 2371 de
961 2341 1020 2371 eo
1050 2326 1233 2372 nemini
1263 2342 1480 2391 unquam
1513 2328 1753 2388 constitit3

343 2416 431 2447 nec
451 2399 766 2447 verisimiliter
788 2400 1042 2448 existimari
1073 2401 1218 2448 debet
1252 2412 1306 2448 ut
1341 2403 1474 2467 quod
1488 2404 1517 2461 ⁴,
1548 2404 1757 2467 synoda-

343 2478 459 2525 lium
494 2477 737 2525 catholicae
763 2478 979 2526 Ecclesiae
1007 2478 1311 2527 decretorum
1346 2481 1628 2529 auctoritate
1659 2481 1757 2527 suf-

396 2619 433 2654 1.
464 2615 572 2653 Lisez
584 2620 778 2665 praesumi.

397 2677 437 2713 2.
466 2674 708 2712 Proecellebat
729 2673 824 2713 dans
843 2674 880 2712 le
900 2687 970 2712 ms.

396 2737 434 2773 3.
469 2738 520 2776 Ut
537 2734 631 2773 dans
650 2735 687 2772 le
706 2748 778 2774 ms.

396 2797 434 2833 4.
469 2795 551 2843 Quo
570 2793 666 2832 dans
685 2793 721 2831 le
741 2806 813 2832 ms.
