2054 3470
695 320 842 356 LIBER
875 319 1094 358 TERTIUS.
1522 319 1599 356 239

198 410 437 475 potuisse;
467 416 752 471 rogatusque
781 405 842 453 ab
877 421 935 453 eo
953 442 965 462 ‚
1000 406 1088 470 ipsi
1125 405 1324 452 domino
1349 407 1595 467 Bastardo‚

198 486 601 552 quemadmodum
622 484 716 532 fide
735 501 820 531 sua
840 484 1073 532 facturum
1092 494 1352 549 receperat,
1373 501 1451 531 eas
1473 485 1598 533 illico

201 564 493 620 reddiderat,
524 562 794 608 existimans
819 577 873 607 ex
909 561 1307 625 superscriptione
1340 560 1472 624 quod
1500 562 1600 625 ipse

199 651 340 701 esset,
365 642 439 688 cui
470 639 576 697 ille,
607 638 689 702 qui
727 637 814 684 sibi
850 638 1040 685 easdem
1076 638 1355 695 tradiderat,
1390 637 1599 685 redditas

201 735 300 766 esse
321 718 480 776 vellet3
503 716 646 763 alium
673 716 817 774 enim,
842 725 1009 780 praeter
1030 733 1158 777 eum,
1186 715 1460 763 Bastardum
1485 719 1599 763 Bur-

201 795 386 859 gundiae
406 794 599 841 minime
619 803 941 857 cognosceret.

262 875 391 919 Tunc
423 872 680 921 sciscitatus
713 881 781 917 est
811 869 872 917 ab
900 887 958 917 eo
980 870 1107 917 idem
1143 870 1366 917 dominus
1390 870 1512 927 dux,
1538 887 1598 918 an

199 949 442 997 hominem
474 947 636 1005 illum,
679 948 762 1011 qui
802 947 891 994 sibi
923 963 1001 1000 eas
1034 947 1264 1007 dedisset,
1307 948 1445 995 bene*
1466 964 1600 1005 reco÷

201 1035 470 1090 gnosceret,
490 1026 525 1072 si
546 1041 658 1072 eum
680 1025 800 1072 forte
825 1024 999 1071 alicubi
1022 1026 1270 1072 inveniret.
1291 1027 1384 1083 Qui
1407 1042 1602 1090 respon·

197 1101 267 1149 dit
288 1103 352 1150 ita
379 1102 467 1150 sibi
485 1103 652 1149 videri.
678 1102 820 1148 Jussit
847 1102 1005 1166 itaque
1029 1102 1090 1149 ad
1112 1103 1269 1149 statim
1290 1101 1418 1149 idem
1446 1102 1601 1149 domi-

197 1192 288 1227 nus
314 1179 411 1231 dux
439 1180 693 1228 ascendere
716 1180 897 1242 aliquot
922 1181 1102 1242 equites
1124 1189 1170 1226 et
1190 1180 1420 1227 rusticum
1441 1196 1603 1228 secum

199 1257 376 1310 ducere
393 1294 405 1318 ,
431 1268 574 1322 atque
607 1273 718 1304 cum
746 1257 879 1303 omni
913 1257 1236 1318 festinatione,
1264 1258 1480 1320 quamvis
1505 1258 1604 1320 jam

201 1352 297 1384 nox
320 1346 464 1397 esset,
486 1336 547 1383 ad
568 1336 1113 1383 Sanctum-Odomarum
1140 1337 1391 1401 proficisci.
1420 1336 1604 1384 Baldui-

201 1428 292 1466 nus
314 1422 494 1471 autem,
517 1412 579 1459 ad
601 1428 743 1476 quem
765 1411 1041 1475 hujusmodi
1071 1412 1233 1460 litterae
1255 1412 1599 1473 scribebantur,

202 1505 301 1536 non
325 1486 612 1556 exspectavit
641 1499 693 1537 ut
715 1490 775 1536 ad
809 1506 858 1536 se
880 1490 1234 1537 accersiendum
1259 1491 1492 1550 mitteret3
1520 1491 1604 1538 sed

202 1566 324 1614 male
346 1567 437 1615 sibi
463 1569 708 1626 conscius,
733 1567 859 1614 illico
891 1577 942 1614 ut
968 1567 1109 1614 frater
1131 1584 1243 1614 suus
1265 1569 1518 1614 Antonius¹
1543 1568 1604 1616 ab

202 1660 260 1690 eo
285 1644 592 1705 discessisset,
625 1645 765 1692 celeri
802 1645 890 1691 sibi
922 1645 1029 1708 fuga
1058 1645 1314 1692 consuluit.
1341 1647 1606 1711 Supplicio-

202 1736 308 1767 rum
335 1722 463 1768 enim
490 1731 644 1779 metu,
672 1739 762 1787 pro
785 1722 957 1785 quibus
985 1723 1207 1769 meritum
1229 1740 1279 1770 se
1306 1740 1606 1788 comparasse

202 1797 401 1857 sciebat,
423 1800 683 1856 exterritus,
711 1800 831 1846 adeo
855 1801 1108 1847 maturavit
1129 1800 1314 1863 sugam,
1343 1811 1418 1862 ut,
1445 1818 1607 1865 quam-

200 1874 271 1921 vis
293 1874 496 1922 obscura
521 1876 619 1938 jam
654 1892 748 1922 nox
783 1892 916 1940 paene
947 1886 1090 1938 esset,
1118 1877 1376 1924 crastinum
1409 1878 1606 1924 minime

201 1952 547 2016 expectandum
585 1952 789 2013 duxerit,
823 1953 905 1999 sed
938 1953 1082 2013 illico,
1107 1954 1288 2000 nemini
1310 1954 1602 2013 valedicens,

202 2043 461 2076 conscenso
494 2027 654 2093 [equo]
685 2029 786 2076 sine
813 2029 926 2076 sella
948 2039 995 2075 et
1025 2030 1125 2076 sine
1147 2031 1320 2090 ocreis,
1342 2031 1471 2078 solus
1495 2035 1606 2078 cu'm

204 2100 352 2169 unico¹
371 2122 608 2169 mangone
630 2116 821 2170 portam
844 2102 1009 2171 oppidi
1026 2107 1244 2178 exiverit,
1274 2117 1320 2154 et
1342 2109 1454 2172 quia
1478 2128 1501 2153 «
1524 2125 1606 2173 pe·

201 2181 343 2245 ,dibus
370 2184 513 2230 timor
545 2182 634 2230 sibi
663 2183 911 2230 addiderat
938 2184 1056 2244 alas,
1086 2203 1110 2228 »
1135 2201 1235 2231 non
1273 2194 1383 2232 ante
1414 2202 1607 2232 cursum

205 2258 448 2306 retinuerit
480 2276 649 2323 quam,
686 2260 881 2306 flumine
911 2262 1183 2307 Summonae
1210 2262 1508 2323 transmisso,
1545 2263 1607 2310 ad

206 2343 351 2382 terras
371 2352 477 2400 quae
497 2346 607 2383 sunt
628 2337 824 2383 ditionis
848 2337 985 2399 regiae
1005 2340 1307 2401 pervenisset.

224 2427 227 2430 ⁴
271 2409 417 2476 Cujus'
444 2413 551 2477 suga
583 2424 677 2460 tam
709 2413 872 2460 celeris
905 2414 1093 2476 cognita
1115 2415 1497 2464 vehementiores
1519 2416 1607 2463 do-

208 2489 341 2537 mino
371 2490 508 2549 duci,
540 2491 669 2538 fratri
700 2508 815 2550 suo,
850 2491 1144 2555 suspiciones
1165 2492 1374 2540 adauxit.
1402 2497 1521 2541 Nam
1543 2495 1608 2541 ita

208 2581 330 2627 sese,
365 2577 419 2614 ut
449 2568 559 2632 suga
592 2569 715 2616 elabi
747 2579 928 2633 posset,
962 2569 1289 2633 praecipitavit,
1324 2580 1379 2617 ut
1408 2571 1607 2618 tollendi

209 2658 376 2709 aurum
399 2653 446 2690 et
465 2656 737 2708 argentum,
763 2646 893 2709 quod
931 2645 1040 2692 satis
1074 2646 1333 2711 plurimum
1366 2647 1603 2707 habebat,

262 2811 281 2846 1
293 2840 303 2849 .
334 2809 523 2859 Antepm⁹,
542 2809 651 2859 lecon
668 2810 834 2849 vicieuse
852 2825 952 2863 pour
967 2815 1172 2861 Antonius,
1191 2813 1286 2852 dans
1303 2814 1340 2852 le
1362 2827 1433 2854 ms.
