2054 3470
809 336 952 372 LIBER
979 335 1222 382 QUARTUS.
1644 334 1720 370 299

320 424 538 484 duxerat,
565 425 833 486 Sequanam
855 430 976 468 esset
997 421 1321 468 transiturus¹.
1349 420 1402 467 ld
1425 430 1583 467 tamen
1599 456 1610 477 ‚
1640 437 1720 468 seu

320 510 516 566 propter
556 499 778 546 transitus
820 497 1146 545 difficultatem
1183 507 1230 544 et
1265 497 1485 544 locorum
1528 497 1722 544 nimiam

319 576 613 632 distantiam,
650 591 732 622 seu
769 574 901 639 quod
939 575 1134 621 sentiret
1167 573 1391 621 eumdem
1420 573 1619 631 ducem,
1647 574 1724 620 cui

320 651 571 700 nonnullas
593 651 754 716 copias
775 668 855 698 rex
882 650 1075 714 Angliae’
1094 650 1368 709 destinarat,
1394 650 1456 696 ad
1475 649 1593 697 fines
1615 665 1726 696 suos

321 729 540 777 tutandos
571 719 680 776 satis
704 745 805 776 esse
841 738 1084 794 potentem
1099 729 1128 786 ⁸,
1156 728 1353 774 minime
1388 727 1541 774 facere
1577 726 1727 774 tenta-

321 809 401 856 vit.
433 806 525 854 Sed
549 816 706 854 vastos
730 806 832 853 illos
854 806 1123 854 Caletenses
1144 822 1283 869 agros
1315 814 1617 870 pervagatus,
1646 806 1728 869 qui

319 885 442 932 inter
479 886 792 931 Summ‘onam
836 895 882 932 et
923 886 1193 948 Sequanam
1228 882 1426 930 flumina
1470 882 1546 929 siti
1588 892 1697 930 sunt
1711 918 1724 943 ‚

320 963 481 1010 omnia
502 962 706 1008 nimium
727 961 981 1009 crudeliter
1005 961 1234 1008 vastando
1248 997 1260 1019 ‚
1288 959 1548 1007 cremando
1574 971 1620 1008 et
1641 977 1729 1026 po-

319 1037 532 1103 pulando
547 1073 559 1096 ‚
586 1028 937 1102 Rothomagum
955 1055 1104 1103 usque
1126 1037 1387 1084 contendit.
1415 1039 1470 1083 Et
1495 1036 1602 1084 licet
1623 1037 1731 1102 plu-

320 1131 395 1162 res
423 1115 524 1162 dies
537 1151 550 1175 ‚
572 1131 628 1162 ea
649 1116 881 1180 patrando
900 1126 1041 1180 atque
1059 1115 1259 1180 patriam
1277 1107 1641 1174 circumeundo,
1663 1114 1731 1162 ihi

321 1203 584 1240 remoratus
612 1193 775 1251 fuerit,
791 1205 851 1240 <et
874 1194 922 1240 in
943 1193 1084 1240 variis
1114 1193 1233 1239 locis
1252 1201 1403 1239 castra
1434 1201 1633 1239 metatus
1654 1192 1730 1256 (in

320 1268 494 1333 quibus
516 1285 737 1332 magnam
761 1271 871 1316 satis
893 1270 1104 1335 inopiam
1128 1285 1331 1316 annonae
1356 1278 1402 1315 et
1437 1279 1732 1316 commeatus

321 1355 539 1410 expertus
568 1345 654 1392 fuit
669 1347 706 1409 ),
729 1348 867 1409 regiae
903 1357 1058 1393 tamen
1097 1346 1273 1392 militiae
1307 1345 1450 1393 duces
1478 1347 1728 1411 praecipui‚

322 1423 404 1486 qui
437 1424 561 1470 circa
583 1433 785 1472 tractum
817 1424 950 1470 illum
974 1423 1033 1470 ad
1060 1423 1291 1470 tuendam
1316 1424 1517 1488 patriam
1540 1423 1731 1489 plurimi

323 1515 422 1546 esse
445 1499 734 1558 ferebantur,
760 1517 1006 1563 nunquam
1029 1517 1138 1547 eum
1156 1500 1347 1563 aggredi
1366 1500 1494 1547 bello
1516 1517 1606 1547 nec
1621 1517 1730 1548 cum

325 1592 383 1623 eo
406 1576 630 1624 dimicare
650 1578 750 1624 ausi
772 1577 979 1624 suerum.
1004 1579 1131 1624 Bene
1147 1593 1257 1624 cum
1277 1576 1513 1641 aliquibus
1528 1577 1733 1626 militum

326 1653 601 1700 cohortibus
637 1653 876 1701 interdum
919 1671 947 1701 a
979 1653 1123 1700 latere
1151 1669 1264 1699 eum
1304 1653 1667 1716 adequitabant,
1694 1655 1732 1701 si

325 1747 447 1796 quos
468 1747 494 1777 a
518 1730 679 1777 castris
710 1741 755 1777 et
791 1731 998 1777 exercitu
1019 1730 1206 1794 longius
1227 1729 1501 1778 aberrantes
1526 1731 1732 1777 invenis-

325 1816 454 1865 sent,
480 1807 552 1853 vel
578 1807 888 1871 perimentes,
916 1807 989 1853 vel
1023 1807 1235 1871 captivos
1271 1806 1516 1865 ducentes,
1557 1806 1639 1854 sed
1671 1807 1732 1854 ab

326 1883 537 1931 ineundo
561 1884 721 1948 praelio
750 1893 890 1948 atque
921 1884 1180 1930 certamine
1213 1883 1401 1947 penitus
1424 1893 1658 1930 cessantes
1679 1899 1734 1931 ac

325 1971 544 2008 caventes
569 1962 735 2025 (quod
759 1948 811 2008 se¹
831 1977 857 2008 a
880 1977 988 2023 rege
1011 1961 1059 2006 in
1083 1960 1318 2007 mandatis
1348 1961 1585 2026 accepisse
1615 1961 1734 2008 fere-

325 2037 464 2084 batur
485 2054 513 2085 a
536 2038 829 2101 nonnullis);
852 2048 899 2085 et
913 2074 924 2096 ‚
945 2038 983 2084 si
1003 2037 1199 2101 quando
1217 2054 1265 2084 se
1285 2038 1480 2102 propius
1499 2037 1735 2085 admovis-

327 2125 457 2176 sent,
483 2132 590 2162 cum
615 2116 976 2179 Burgundiones
998 2115 1087 2162 sibi
1112 2115 1302 2178 injicere
1322 2117 1335 2140 ⁴
1353 2115 1730 2180 conspexissent,

328 2208 415 2256 per
439 2192 596 2256 fugam
620 2209 714 2239 suae
738 2193 875 2238 saluti
894 2191 1223 2239 consulebant.

394 2271 541 2315 Fuere
565 2279 723 2317 tamen
747 2268 938 2333 plurimi
965 2269 1048 2332 qui
1076 2268 1335 2333 proditioni
1356 2268 1543 2315 comitis
1559 2269 1734 2315 Sancti-

334 2345 491 2405 Pauli,
516 2345 787 2410 principalis
823 2345 967 2392 totius
998 2345 1173 2391 militiae
1209 2345 1346 2408 regiae
1380 2345 1513 2392 ducis
1536 2354 1582 2392 et
1610 2346 1731 2409 regis

385 2523 422 2558 1.
435 2547 441 2555 ,
452 2521 667 2560 Commines
680 2521 734 2559 dit
748 2522 959 2560 seulement
975 2519 1070 2571 qu’il
1085 2520 1189 2559 avait
1201 2520 1279 2572 pris
1297 2520 1552 2560 rendez-vous
1565 2523 1586 2559 a
1599 2523 1734 2558 Rouen

331 2579 424 2616 avec
439 2578 477 2617 le
497 2579 571 2617 duc
593 2580 640 2618 de
658 2583 858 2633 Bretagne.
879 2583 924 2619 L.
946 2583 1016 2630 ΠΙ,
1037 2594 1069 2619 c.
1096 2594 1135 2619 x.

385 2639 423 2674 2.
460 2639 599 2686 Qui....
622 2653 671 2676 ex
693 2642 834 2690 Anglia
856 2639 949 2678 dans
973 2639 1008 2677 le
1029 2653 1097 2677 ms.

387 2698 424 2734 3.
454 2698 593 2735 Fausse
614 2699 831 2746 conjecture
851 2699 900 2737 de
917 2699 1094 2737 l'auteur.
1118 2702 1171 2737 Le
1189 2698 1263 2737 duc
1287 2700 1334 2737 de
1358 2701 1559 2751 Bretagne,
1578 2697 1645 2748 qui
1664 2696 1732 2734 de-

333 2754 410 2792 vait
431 2757 626 2793 s’avancer
647 2758 668 2794 a
686 2760 835 2804 Rouen,
857 2770 1024 2807 manqua
1042 2757 1090 2795 de
1110 2757 1242 2809 parole
1260 2760 1280 2796 a
1302 2771 1371 2797 son
1392 2757 1495 2796 allie.

386 2816 424 2852 4.
455 2817 607 2863 Inycere
626 2814 720 2853 dans
741 2815 777 2853 le
797 2829 866 2853 ms.
887 2817 1079 2853 Peut-etre
1099 2822 1300 2856 incurrere.
