2054 3470
725 325 871 362 mmm
898 324 1141 372 QUARTUS.
1565 326 1639 363 335

231 413 467 474 servabat,
488 413 760 476 caeterisque
782 413 924 459 etiam
944 411 1135 476 oppidis
1162 411 1368 459 ecclesiae
1388 413 1642 460 Colonien-

231 493 312 541 εἰς.
344 490 671 541 causabantur
701 506 874 554 nempe
896 490 1054 555 ipsum
1079 489 1515 556 archiepiscopum,
1543 507 1640 538 non

232 580 286 619 ut
319 578 505 636 patrem
545 579 594 616 et
633 578 898 633 pastorem,
938 565 1223 615 dominandi
1259 566 1466 631 legitime
1503 585 1642 615 usum

233 657 480 713 potestate,
512 645 593 693 sed
617 645 747 708 regio
767 661 902 692 more
925 661 1006 692 seu
1033 645 1190 710 potius
1219 645 1488 708 tyrannico,
1514 645 1644 693 nulla

235 725 328 773 fide
359 735 499 789 atque
526 722 705 786 justitia
731 722 927 770 servatis
962 722 1162 770 subditis
1191 723 1423 783 ecclesiae,
1449 739 1538 787 pro
1559 739 1645 770 sua

234 801 454 863 libidine,
494 801 544 847 in
585 816 707 864 quos
750 798 962 847 libuisset
1006 800 1168 847 saevire
1214 798 1442 858 voluisse,
1478 804 1645 846 eorum

234 877 474 926 abutendo
496 875 781 942 corporibus
812 886 954 941 atque
976 876 1132 923 bonis.
1171 876 1325 936 Unde,
1361 875 1531 923 talibus
1566 893 1646 924 oc-

234 970 422 1005 currere
439 954 682 1002 studentes
695 953 933 1019 periculis,
954 953 1014 1001 ab
1031 953 1133 1017 ejus
1150 970 1199 1000 se
1212 953 1392 1000 ditione
1414 951 1647 1000 abstraxe-

234 1041 342 1080 rant
363 1042 410 1080 et
431 1049 533 1080 sese
550 1033 598 1080 in
617 1049 768 1079 unum
785 1049 894 1079 cum
914 1031 1159 1078 nobilibus
1191 1040 1239 1078 et
1265 1030 1457 1095 oppidis
1486 1031 1649 1096 patriae

235 1107 529 1174 colligarant.
563 1112 619 1155 Et
657 1109 769 1173 quia
807 1108 1198 1172 Burgundionum
1233 1107 1353 1165 dux,
1386 1109 1467 1172 qui
1502 1108 1647 1173 paulo

236 1197 364 1245 ante,
396 1189 466 1235 uti
495 1187 758 1245 retulimus,
785 1185 1063 1252 [Geldriam]
1086 1186 1421 1250 conquisierat,
1452 1196 1651 1251 propter

239 1265 452 1330 ejusdem
473 1281 694 1328 magnam
718 1264 982 1329 potentiam
1008 1273 1149 1328 atque
1174 1264 1397 1310 viciniam
1417 1273 1650 1311 terrarum

238 1357 457 1400 suarum,
498 1341 612 1406 ipsis
646 1356 821 1404 magno
855 1341 1024 1387 terrori
1059 1350 1202 1403 atque
1238 1339 1482 1387 formidini
1519 1349 1648 1399 erat,

240 1418 368 1483 quod
400 1419 542 1467 etiam
575 1418 749 1465 scirent
780 1417 1193 1482 archiepiscopum
1216 1434 1380 1477 suum,
1411 1417 1478 1464 eis
1499 1416 1652 1463 infen-

239 1512 372 1558 sum,
406 1495 585 1543 malum
626 1495 688 1542 ad
716 1511 799 1541 eos
831 1494 1046 1541 animum
1080 1493 1359 1555 observare,
1397 1510 1498 1540 sese
1543 1503 1653 1540 ante

241 1573 541 1636 ingruentem
562 1571 890 1619 necessitatem
913 1571 1175 1636 prudenter
1189 1581 1330 1635 atque
1346 1570 1655 1636 providenter

240 1650 524 1715 praemunire
554 1658 802 1709 curarant,
837 1665 1072 1712 suumque
1108 1648 1345 1713 oppidum
1377 1649 1516 1708 vino,
1552 1647 1654 1695 fru-

242 1737 404 1775 mento
429 1728 703 1791 caeterisque
717 1726 778 1773 ad
792 1726 970 1773 victum
984 1726 1258 1772 necessariis
1278 1735 1421 1790 atque
1436 1725 1528 1787 his,
1550 1741 1655 1789 quae

241 1820 330 1869 pro
363 1804 532 1869 oppidi
564 1804 638 1851 sui
668 1803 966 1868 protectione
999 1819 1054 1850 ac
1086 1803 1351 1850 munimine
1381 1812 1656 1868 opportuna

242 1880 664 1942 exisfimaveranff,
689 1879 941 1946 opulenter
963 1890 1010 1944 et
1038 1880 1232 1944 copiose
1258 1881 1588 1946 impleverant.

308 1958 379 2005 Ad
415 1974 561 2022 quam
599 1974 703 2005 rem
739 1957 882 2004 etiam
918 1956 1227 2003 Colonienses
1265 1973 1348 2004 eos
1395 1957 1657 2022 plurimum

245 2036 503 2084 amicarant
545 2035 746 2083 consilio
796 2044 843 2082 et
884 2035 1105 2098 juverant
1149 2035 1344 2082 auxilio.
1398 2038 1518 2083 Nam
1561 2052 1659 2084 una

246 2128 356 2159 cum
376 2112 638 2175 lantgravio
657 2113 871 2171 Hassiae²‚
893 2129 1037 2175 quem
1058 2111 1202 2159 veluti
1225 2112 1658 2161 administratorem

247 2191 583 2256 temporalium
607 2190 811 2238 ecclesiae
834 2191 1133 2238 Coloniensis
1165 2191 1487 2252 adsciverant,
1513 2203 1561 2241 et
1586 2195 1659 2242 fu-

248 2274 407 2330 turum
429 2267 761 2315 desiderabant
782 2267 1194 2333 archiepiscopum
1211 2272 1397 2330 suum',
1417 2271 1455 2317 si
1476 2272 1657 2336 potuis-

249 2353 352 2392 sent
374 2344 541 2393 alium⁴
573 2361 873 2410 quacumque
906 2345 955 2390 vi
986 2345 1060 2392 vel
1091 2356 1195 2393 astu
1222 2347 1479 2412 depellere,
1514 2349 1660 2397 collo-

305 2509 344 2546 1.
378 2509 591 2557 Opportune
609 2511 888 2547 existimaverat
906 2509 1001 2548 dans
1020 2509 1056 2548 le
1078 2523 1150 2549 ms.

306 2566 345 2602 2.
375 2567 518 2613 Hem-i,
539 2567 749 2619 landgrave
768 2568 815 2606 de
833 2571 968 2606 Hesse.

308 2626 345 2663 3.
377 2627 476 2663 C'est
489 2629 672 2675 Hei-man,
698 2627 797 2665 frere
815 2627 868 2665 du
889 2626 1099 2679 landgrave
1118 2627 1165 2666 de
1184 2630 1318 2677 Hesse,
1336 2637 1374 2667 et
1391 2642 1469 2667 non
1488 2630 1526 2668 le
1548 2630 1658 2668 land-

254 2695 371 2735 grave
399 2683 610 2733 lui-meme,
631 2699 706 2736 que
732 2686 788 2724 les
813 2685 1004 2725 habitants
1024 2686 1073 2725 de
1097 2686 1265 2739 Cologne
1293 2689 1520 2740 opposaient
1538 2691 1557 2726 a
1576 2691 1657 2727 Ro·-

255 2741 341 2780 bert
362 2741 410 2780 de
429 2742 602 2782 Baviere.

310 2803 348 2840 4.
379 2799 629 2840 C'est-a-dire
646 2801 791 2840 Robert
808 2802 857 2841 de
874 2804 1048 2841 Baviere.
