2054 3470
399 309 448 346 32
766 311 1108 349 HISTORIARUM
1136 312 1374 352 LUDOVICI
1402 315 1460 352 xl

395 395 616 460 pellatur)
648 396 711 446 ad
738 398 1110 464 quadringentos
1142 399 1268 448 mille
1296 401 1484 450 francos
1515 402 1679 467 patriae
1709 420 1815 451 mo-

395 476 557 521 netae¹.

459 553 564 598 Hoc
584 561 744 599 autem
764 553 926 601 audito
949 553 1070 617 regis
1093 570 1348 619 responso,
1375 556 1458 619 qui
1484 555 1815 622 prudentiores

393 638 529 675 erant
549 638 597 676 et
618 630 766 693 magis
788 647 949 677 rerum
967 630 1299 694 hujuscemodi
1320 634 1524 697 experti,
1557 632 1680 680 fictis
1714 643 1816 681 tan-

392 705 643 754 tummodo
677 707 976 754 sermonibus
1002 708 1292 756 tributorum
1324 710 1523 773 gratiam
1555 726 1611 758 ac
1648 711 1815 758 remis-

392 782 578 830 sionem
600 800 687 850 per
708 801 868 847 regem
890 784 1124 847 simulari,
1151 802 1203 833 re
1219 795 1381 833 autem
1396 788 1500 853 ipsa
1517 786 1637 834 nihil
1657 788 1815 835 minus

392 864 551 910 oneris
568 864 817 929 imponere
836 864 955 912 velle
977 864 1160 929 liquido
1183 865 1532 914 intellexerunt.
1557 866 1652 915 Sed
1672 866 1814 915 obtu-

391 941 515 988 siore
548 958 686 989 sensu
726 952 772 989 et
808 943 1115 1006 intelligentia
1164 943 1422 992 multitudo
1464 945 1810 993 advocatorum

390 1019 687 1068 saecularium
708 1021 894 1084 patriae,
919 1020 1000 1068 tali
1023 1021 1243 1069 suasione
1260 1022 1449 1084 delusa,
1476 1039 1699 1089 magnam
1721 1023 1812 1071 sibi

390 1114 477 1162 per
497 1114 658 1161 regem
680 1097 841 1144 offerri
865 1099 1063 1161 gratiam
1087 1098 1364 1147 aestimabat.

455 1177 535 1221 Est
548 1175 742 1221 enimin
757 1176 1066 1237 Nor-mannia,
1083 1192 1169 1241 per
1185 1191 1352 1222 omnes
1364 1176 1622 1240 provinciae
1632 1186 1806 1242 partes,

388 1252 556 1316 ingens
583 1254 880 1301 saecularium
906 1254 1250 1302 advocatorum
1276 1270 1529 1315 numerus,
1561 1255 1611 1301 in
1636 1254 1810 1319 quibus

387 1331 693 1396 quamplures
724 1341 835 1378 sunt
863 1331 1165 1396 nequissimi,
1198 1331 1435 1397 populum
1463 1341 1599 1379 terrae
1626 1332 1675 1379 in
1705 1331 1810 1380 lites

384 1418 429 1454 et
446 1409 650 1457 forensia
667 1409 946 1471 certamina,
969 1410 1032 1457 ad
1048 1426 1166 1474 quas
1183 1411 1325 1457 nimis
1347 1410 1568 1474 proclivis
1591 1421 1638 1457 et
1661 1410 1808 1473 facilis

385 1488 579 1549 exsistit,
606 1488 922 1549 concitantes3
949 1498 995 1535 et
1021 1488 1070 1534 in
1093 1487 1371 1551 hujusmodi
1393 1487 1556 1534 litibus
1579 1487 1808 1535 eumdem

384 1566 645 1629 populum,
671 1566 770 1613 imo
794 1566 953 1613 verius
977 1566 1254 1630 semetipsos
1277 1581 1334 1612 ex
1357 1565 1440 1612 tali
1462 1563 1656 1630 publica
1677 1574 1809 1630 peste

382 1643 647 1690 nutrientes
666 1652 714 1690 et
733 1643 970 1704 foventes3
997 1644 1080 1707 qui
1101 1652 1251 1690 totam
1273 1642 1453 1708 populi
1467 1641 1803 1702 substantiam,

382 1736 487 1783 quae
524 1721 745 1768 censibus
784 1731 831 1768 et
867 1721 1055 1768 tributis
1094 1720 1296 1786 publicis
1333 1729 1492 1785 potest
1532 1735 1802 1784 superesse,

380 1797 503 1845 dolis
532 1809 579 1845 et
605 1799 855 1846 calumniis
886 1800 981 1845 suis
1012 1798 1298 1846 exhauriunt
1323 1807 1371 1844 et
1398 1806 1631 1860 exsugunt
1657 1814 1667 1842 ε
1695 1812 1805 1861 pra·

380 1892 494 1922 vum
527 1876 742 1941 profecto
777 1876 1111 1939 hujuscemodi
1143 1891 1291 1939 genus
1327 1873 1610 1933 hominum,
1649 1889 1803 1936 quan-

379 1969 524 2016 quam
539 1953 778 2000 interdum
788 1952 1008 2000 nonnulli
1021 1953 1143 1999 inter
1153 1961 1363 2010 caeteros,
1380 1950 1609 1998 rarissimi
1621 1959 1800 2010 tamen,

379 2029 631 2094 paululum
646 2030 876 2094 aequiores
892 2030 1208 2078 inveniantur.
1227 2029 1280 2087 li,
1301 2027 1410 2075 licet
1427 2028 1522 2075 sint
1537 2027 1802 2075 litterarum

432 2170 449 2205 1
460 2197 470 2206 .
500 2166 795 2207 L’ordonnance
813 2166 974 2206 relative
993 2167 1014 2204 a
1031 2174 1091 2204 cet
1107 2164 1369 2205 abonnement
1385 2166 1443 2204 fut
1459 2165 1608 2205 rendue
1626 2164 1664 2205 le
1677 2168 1701 2203 4
1714 2166 1802 2215 jan·

377 2226 463 2265 vier
484 2229 582 2266 1461
613 2230 673 2276 (v.
695 2230 780 2277 st.)‚
808 2228 830 2264 a
853 2229 990 2264 Tours.
1019 2228 1124 2264 Nous
1150 2238 1200 2264 ne
1225 2225 1262 2263 la
1286 2225 1536 2263 connaissons
1554 2237 1630 2276 que
1652 2238 1725 2277 par
1747 2238 1801 2264 un

377 2287 624 2326 mandement
644 2287 697 2326 du
715 2288 765 2324 28
780 2299 882 2324 mars
898 2288 1001 2324 1462
1023 2289 1077 2334 (v.
1095 2288 1181 2334 st.)‚
1202 2284 1381 2337 imprime
1399 2284 1493 2324 dans
1512 2285 1548 2324 le
1565 2287 1721 2323 Recueil
1734 2286 1802 2322 des

378 2349 627 2385 ordonnances
647 2349 691 2396 (t.
712 2349 798 2395 XV,
817 2361 856 2398 p.
881 2347 993 2394 627);
1019 2345 1114 2383 mais
1134 2358 1178 2383 ce
1203 2344 1451 2383 mandement
1469 2353 1563 2397 peut
1585 2344 1802 2396 remplacer

373 2406 527 2458 J'usqu'a
555 2420 609 2445 un
631 2406 776 2445 certain
802 2406 910 2458 point
942 2404 1242 2453 l'ordonnance,
1273 2416 1388 2455 parce
1411 2404 1506 2455 qu'il
1532 2416 1581 2442 en
1604 2403 1799 2442 renFerme

378 2474 502 2505 toutes
516 2467 572 2505 les
589 2466 833 2518 dispositions
847 2465 940 2504 dans
956 2478 1016 2503 ses
1034 2463 1312 2503 considerants.
1330 2465 1389 2501 On
1407 2477 1433 2514 y
1447 2463 1530 2503 voit
1546 2463 1584 2502 le
1597 2462 1799 2514 decompte

378 2525 445 2565 des
459 2528 537 2564 400
551 2527 627 2563 000
641 2525 773 2573 livres,
788 2524 882 2562 dont
895 2526 970 2562 300
985 2526 1063 2563 000
1076 2523 1216 2561 etaient
1230 2522 1409 2574 re'putees
1422 2522 1559 2561 devoir
1571 2533 1799 2573 compenser

377 2584 415 2623 la
433 2585 535 2624 taille
551 2617 561 2635 ,
584 2588 634 2623 75
648 2587 724 2623 000
744 2584 799 2622 les
821 2584 962 2635 impots
988 2596 1055 2621 sur
1078 2583 1132 2621 les
1150 2582 1348 2629 boissons,
1369 2590 1408 2620 et
1426 2584 1478 2620 25
1493 2584 1570 2620 000
1591 2581 1629 2620 la
1647 2581 1797 2633 gabelle

377 2643 432 2682 du
445 2645 514 2683 sel.
532 2647 605 2683 Les
619 2645 802 2682 vicomtes
819 2643 872 2682 du
891 2657 984 2694 pays
1003 2642 1145 2680 e'taient
1159 2642 1319 2694 charges
1337 2641 1385 2679 de
1400 2642 1438 2680 la
1453 2641 1677 2694 perception
1695 2640 1796 2679 dela

377 2704 480 2743 taille
499 2713 538 2743 et
555 2704 603 2743 de
622 2704 770 2756 l'impot
789 2704 856 2742 des
874 2703 1063 2752 boissons,
1083 2701 1208 2740 tandis
1228 2715 1303 2752 que
1318 2702 1355 2740 la
1369 2700 1593 2753 perception
1609 2700 1711 2739 dela
1729 2712 1796 2753 ga-

376 2764 478 2802 belle
503 2764 631 2803 devait
653 2767 734 2802 etre
758 2763 905 2802 confiee
932 2764 954 2800 ὲ
979 2762 1047 2800 des
1075 2770 1207 2814 agents
1235 2761 1412 2799 nomines
1437 2774 1508 2813 par
1532 2760 1587 2799 les
1610 2759 1792 2812 delegues

377 2824 444 2863 des
467 2819 586 2864 Etats.
