2054 3470
692 314 840 351 LIBER
871 313 1140 353 SECUNDUS.
1548 315 1566 351 1
1575 315 1621 354 31

217 406 356 454 Unde
378 404 693 453 existimantes
716 416 766 447 se
788 409 1112 465 opportunam
1133 401 1438 449 occasionem
1461 413 1626 451 nactos

217 500 326 532 suas
371 491 550 531 veteres
586 487 803 543 acceptas
837 477 1033 541 injurias
1068 477 1324 526 ulciscendi
1364 478 1454 543 (eo
1492 481 1626 544 quod

218 560 464 609 crederent
482 556 710 605 comitem
731 555 791 602 de
812 554 1074 615 Charolois,
1100 572 1212 603 cum
1234 556 1458 604 omnibus
1479 559 1630 622 copiis

218 654 336 703 quas
361 635 612 695 eduxerat,
652 649 903 697 nunquam
925 632 984 680 ad
1009 643 1158 680 terras
1180 649 1288 681 suas
1320 634 1422 682 sore
1448 634 1631 682 reditu-

219 731 353 774 rum,
386 728 653 778 magnaque
676 720 724 759 et
742 711 863 758 mira
883 727 934 758 se
958 709 1192 758 facturum
1213 727 1296 758 rex
1318 711 1499 759 eisdem
1521 728 1633 777 pro-

219 791 467 854 mitteret),
478 799 783 854 erumpentes
795 805 906 835 cum
919 804 1094 851 magno
1110 787 1270 836 furore
1283 797 1426 853 atque
1439 789 1630 851 saevitia,

218 879 366 919 terras
387 867 651 916 Brabantiae
669 877 716 914 et
738 866 799 914 de
819 864 1063 913 Lc‘mborch
1079 868 1091 890 ¹
1115 875 1258 930 atque
1278 882 1417 931 agros
1438 869 1636 914 Namur-

219 946 432 995 censium
465 946 574 1010 igne
607 954 655 992 et
676 944 802 991 ferro
824 943 1056 1009 populare
1079 945 1284 1008 aggressi
1306 953 1446 1005 sunt3
1474 944 1635 1010 plures

217 1024 355 1074 villas·
382 1040 466 1072 seu
500 1023 686 1087 villagia
704 1059 717 1083 ,
756 1032 802 1070 et
835 1038 980 1087 supra
1010 1021 1328 1070 ducentarum
1359 1041 1633 1083 numerum,

218 1102 517 1168 plurimaque
567 1101 700 1149 utilia
743 1117 968 1166 agrorum
1011 1094 1206 1148 aedificia
1251 1112 1518 1150 cremantes
1534 1140 1546 1164 ,
1588 1103 1637 1149 in

180 1243 186 1249 ⁶
220 1179 399 1228 favillas
433 1189 482 1227 et
510 1179 692 1228 cineres
719 1179 911 1227 easdem
932 1178 1219 1243 redegerunt
1247 1198 1257 1227 :
1284 1179 1414 1227 stulti
1440 1180 1636 1245 quidem

220 1267 267 1306 et
287 1258 525 1306 temerarii
545 1257 700 1305 valde.

286 1336 381 1400 lpsi
399 1335 546 1394 enim,
570 1335 652 1398 qui
671 1335 785 1382 olim
811 1334 1060 1383 Eburones
1077 1333 1302 1400 appellati
1322 1346 1434 1383 sunt
1450 1337 1480 1397 ²,
1511 1336 1639 1401 ripas

223 1411 432 1459 fluminis
450 1415 592 1459 Mosae
613 1421 662 1459 et
697 1412 880 1459 vicinos
905 1411 1127 1476 ultroque
1154 1412 1372 1476 citroque
1397 1428 1535 1476 agros
1559 1413 1640 1459 in-

223 1487 446 1536 colebant
463 1525 475 1549 ,
503 1488 772 1553 urbemque
793 1487 1038 1536 habebant
1061 1488 1202 1537 valde
1222 1489 1455 1553 insignem
1474 1525 1486 1549 ,
1520 1492 1640 1536 Leo-

225 1565 360 1612 dium
390 1567 588 1613 nomine
605 1603 619 1626 ,
646 1566 955 1612 ecclesiarum
987 1565 1298 1628 solemnium,
1325 1566 1641 1613 monasterio-

224 1660 358 1704 rum,
392 1660 542 1709 opum
562 1653 609 1691 et
634 1644 928 1709 populorum
946 1659 1119 1707 magna
1141 1644 1282 1708 copia
1302 1659 1358 1690 ac
1380 1643 1645 1691 numerosi-

223 1730 319 1768 tate
362 1721 612 1780 refertam,
652 1737 764 1767 cum
797 1719 1014 1786 pluribus
1043 1719 1235 1785 oppidis
1271 1718 1467 1767 munitis
1501 1730 1644 1784 atque

224 1797 345 1844 villis
372 1813 429 1845 ac
463 1798 592 1845 vicis.
631 1801 780 1845 Tanta
810 1814 926 1845 vero
960 1797 1212 1863 temporali
1237 1813 1385 1862 pace,
1427 1796 1645 1845 libertate

225 1884 366 1940 atque
403 1874 738 1939 tranquillitate
779 1874 1080 1938 gaudebant,
1118 1874 1252 1939 quod
1288 1873 1408 1922 nulli
1440 1874 1642 1940 populi,

225 1968 327 1999 non
349 1951 499 1999 modo
525 1953 574 1998 in
602 1961 703 1999 tota
727 1951 895 2014 Gallia,
924 1952 1008 1999 sed
1032 1968 1122 1999 nec
1144 1952 1193 1998 in
1217 1961 1319 1999 tota
1339 1954 1558 2016 Europa,
1598 1953 1646 2000 in

228 2029 566 2094 tranquillitate
588 2038 635 2075 et
656 2028 883 2076 libertatis
900 2028 1199 2092 jucunditate
1229 2028 1404 2076 similes
1436 2028 1649 2076 scieban-

226 2095 319 2155 tur.
352 2110 472 2155 Nam
496 2123 608 2154 cum
635 2105 772 2153 nullo
803 2106 1079 2171 temporalis
1108 2106 1297 2171 imperii
1318 2106 1500 2170 fastigio
1532 2122 1650 2171 pre-

228 2193 486 2244 merentur,
514 2183 599 2230 sed
623 2184 779 2230 solum
801 2200 941 2230 suum
965 2182 1242 2248 pontificem
1263 2200 1352 2248 pro
1378 2182 1577 2230 domino
1605 2192 1652 2230 et

230 2262 392 2328 patriae
411 2270 608 2327 parente
631 2260 885 2321 haberent,
914 2260 1046 2307 nulla
1067 2259 1247 2308 tributa
1268 2269 1352 2308 aut
1371 2260 1620 2323 vectigalia
1636 2296 1649 2320 ,

230 2356 334 2403 quae
372 2339 527 2387 solent
575 2339 759 2402 exigere
809 2349 856 2385 et
892 2338 1143 2403 imponere
1178 2339 1279 2385 aliae
1315 2338 1458 2385 etiam
1497 2337 1654 2384 liberae

232 2417 458 2478 civitates,
485 2417 837 2481 agnoscebant3
863 2415 949 2462 sed
971 2415 1186 2481 plenaria
1207 2415 1425 2463 libertate
1449 2425 1496 2462 et
1520 2425 1656 2471 tran-

234 2492 462 2556 quillitate
491 2493 818 2558 potiebantur.
841 2493 987 2557 Cujus
1013 2493 1250 2557 siquidem
1273 2492 1508 2541 felicitatis
1533 2502 1656 2540 tem-

235 2572 409 2635 poralis
444 2573 463 2635 (
486 2573 526 2619 si
557 2573 607 2620 id
633 2589 803 2621 eorum
829 2572 1092 2637 petulantia
1123 2582 1267 2637 atque
1295 2571 1518 2637 superbia
1556 2570 1658 2617 ani-

297 2747 334 2782 1.
366 2747 420 2783 Le
438 2745 665 2799 Limbourg.

296 2807 335 2843 2.
366 2808 428 2843 Du
448 2813 568 2857 temps
587 2805 635 2844 de
654 2805 782 2845 Cesar.
