2054 3470
442 329 520 365 962
804 329 1147 367 HISTORIARUM
1174 329 1412 367 LUDOVICI
1439 331 1495 366 XI

446 426 537 475 tuS,
578 416 629 463 in
666 415 869 480 patriam
909 432 1062 476 suam,
1101 416 1409 480 tranquillam
1437 427 1483 463 et
1518 427 1754 482 pacatam,
1790 421 1861 467 in·

444 493 599 551 vexit3
624 492 836 539 secundo
861 492 922 539 ab
960 492 1132 540 eodem
1158 493 1407 554 Edoardo,
1442 511 1606 559 quem,
1630 496 1777 543 veluti
1799 496 1861 544 de

443 571 651 618 Hem-ico
675 570 873 628 fecerat,
899 570 1162 635 proditorie
1187 571 1331 619 etiam
1354 589 1501 635 regno
1522 573 1763 637 satagebat
1784 574 1862 622 de-

443 648 654 709 turbare,
694 647 857 711 Anglia
879 646 1061 712 pulsus,
1093 647 1373 711 hujusmodi
1395 650 1556 697 civiles
1578 651 1856 712 discordias,

443 726 493 773 in
519 725 669 772 Gallia
682 725 782 788 jam
796 724 973 789 sopitas
995 734 1042 771 et
1059 741 1193 789 paene
1213 727 1480 787 exstinctas,
1498 729 1594 775 suis
1608 731 1861 777 venenosis

442 804 623 851 artibus
644 813 786 867 atque
807 801 1163 867 proditionibus
1191 803 1364 852 iterum
1398 806 1635 853 excitavit.
1674 806 1860 864 Quibus

436 883 536 946 jam
571 881 782 929 excitatis
825 890 873 926 et
911 875 1146 928 redivivas
1180 881 1276 929 suis
1313 882 1530 930 nefandis
1575 884 1861 934 factionibus

441 960 565 1007 vires
603 956 978 1014 resumentibuS‚
1007 958 1287 1005 earumdem
1312 959 1445 1019 faces,
1469 961 1642 1008 iterum
1675 963 1725 1010 in
1760 966 1860 1010 An-

442 1039 584 1101 gliam
607 1052 769 1083 secum
791 1035 898 1081 tulit
919 1052 975 1082 ex
1000 1035 1175 1096 G>allia3
1202 1036 1486 1099 quibuscum
1509 1039 1731 1088 incendia
1751 1059 1862 1106 per-

441 1114 755 1162 niciosissima
793 1111 888 1158 illic
925 1112 1240 1174 accendisset,
1267 1114 1549 1178 pejoraque,
1574 1116 1666 1163 nisi
1700 1118 1861 1167 divina
1892 1126 1894 1128 ’

442 1192 668 1239 adfuisset
686 1190 980 1255 propitiatio,
1004 1206 1143 1252 agere
1159 1191 1426 1239 moliretur.
1450 1191 1628 1254 Eadem
1653 1197 1748 1243 suis
1766 1213 1862 1245 sce-

442 1270 621 1318 leribus
647 1268 847 1315 modum
869 1268 1140 1332 imponens,
1167 1287 1229 1316 ne
1253 1270 1450 1317 ulterius
1471 1272 1521 1317 in
1542 1270 1862 1337 plurimorum

446 1347 707 1413 perniciem
730 1355 872 1410 atque
890 1346 1108 1392 exsilium
1132 1345 1534 1408 diffunderentur,
1552 1365 1719 1413 poenas
1731 1351 1792 1400 de
1803 1369 1862 1401 eo

436 1425 719 1489 justissimas
741 1423 958 1488 sumpsit,
990 1424 1243 1488 ipsumque
1266 1425 1502 1472 exstinxit.
1536 1427 1624 1473 Cui
1646 1428 1862 1493 profecto

440 1504 560 1551 illud
581 1503 916 1569 propheticum
939 1503 1387 1551 convenientissime
1418 1506 1631 1570 coaptari
1659 1517 1818 1572 potest
1847 1528 1858 1558 :

447 1602 469 1625 «
497 1581 609 1628 Vidi
645 1580 849 1644 impium
884 1579 1140 1626 exaltatum
1178 1589 1224 1626 et
1259 1579 1495 1627 elevatum
1535 1582 1656 1630 sicut
1693 1584 1862 1633 cedros

443 1659 613 1706 Libani
640 1677 649 1704 ;
679 1658 894 1717 transivi,
919 1658 965 1704 e't
987 1674 1097 1705 ecce
1118 1674 1219 1704 non
1239 1669 1361 1719 erat;
1385 1660 1580 1723 quaesivi
1604 1670 1651 1707 et
1672 1677 1772 1708 non
1793 1672 1864 1710 est

443 1738 666 1784 inventus
699 1735 834 1782 locus
865 1735 981 1799 ejus.
1010 1755 1032 1778 »
1054 1737 1343 1799 Quanquam
1370 1745 1528 1783 autem
1557 1736 1662 1784 talis
1692 1755 1863 1802 pugnae

443 1815 569 1862 illius
599 1823 646 1860 et
676 1813 791 1859 dicti
824 1817 894 1860 W
891 1812 1051 1859 arvich
1082 1812 1231 1859 exitus
1261 1821 1405 1876 atque
1433 1812 1542 1860 finis
1571 1814 1713 1862 rebus
1738 1818 1863 1863 Hen-

443 1892 547 1950 rici,
592 1891 674 1956 qui
704 1891 803 1953 jam
841 1890 915 1953 (ut
953 1889 1178 1952 diximus)
1214 1890 1263 1935 in
1299 1890 1620 1954 captivitatem
1651 1892 1862 1940 reclusus

445 1969 607 2016 denuo
633 1977 751 2026 erat,
774 1967 1006 2013 infaustus
1026 1983 1126 2012 non
1143 1982 1313 2030 parum
1331 1966 1471 2013 fuerit
1495 1986 1505 2013 :
1531 1968 1630 2031 qui,
1649 1970 1688 2015 si
1709 1970 1863 2016 victor

446 2047 547 2110 ipse
570 2045 793 2101 bVatfvz'ch
814 2045 1052 2102 evasisset,
1077 2059 1268 2108 sperare
1290 2053 1477 2108 poterat
1498 2062 1637 2110 posse
1658 2047 1785 2095 illico
1813 2065 1862 2096 se

448 2123 720 2187 captivitate
751 2121 934 2168 absolwi
973 2131 1021 2167 et
1050 2121 1202 2186 eripi;
1228 2122 1475 2169 luctuosus
1506 2133 1667 2171 tamen
1699 2124 1864 2189 hujus-

448 2200 583 2248 modi
629 2200 878 2247 infortunii
928 2209 1127 2246 eventus
1165 2209 1425 2264 utcumque
1471 2201 1613 2249 solari
1643 2212 1830 2267 poterat
1846 2243 1858 2266 ,

447 2278 581 2344 quod
605 2277 665 2325 de
687 2278 769 2324 illo
793 2277 1093 2341 iniquissimo
1114 2277 1365 2342 proditore
1387 2295 1436 2325 se
1473 2278 1628 2326 ultum
1649 2279 1858 2342 videbat,

447 2360 531 2424 qui
557 2376 652 2406 suae
672 2359 815 2405 totius
839 2357 1120 2423 calamitatis
1144 2368 1191 2404 et
1223 2357 1501 2422 dejectionis
1530 2369 1696 2407 auctor
1718 2371 1862 2426 atque

448 2438 668 2484 incentor
708 2436 988 2483 exstitisset:
1033 2436 1126 2483 Sed
1170 2453 1268 2482 non
1309 2446 1503 2483 eatenus
1546 2454 1632 2484 sua
1670 2438 1861 2488 fortuna

447 2514 723 2578 conquievit
757 2523 838 2561 aut
861 2511 1083 2560 aer'umnis
1113 2514 1340 2579 imposuit
1370 2513 1544 2574 finem3
1580 2532 1693 2563 nam
1715 2517 1859 2582 paulo

447 2602 580 2657 post,
627 2591 769 2654 longe
797 2601 842 2638 et
882 2592 1070 2654 gravior
1093 2590 1494 2655 infelicissimique
1523 2596 1720 2642 materia
1749 2611 1861 2659 pro-

449 2669 582 2715 venit
602 2667 773 2715 luctus.
