<?xml version="1.0" encoding="UTF-8"?>
<!DOCTYPE html PUBLIC "-//W3C//DTD XHTML 1.0 Transitional//EN"
    "http://www.w3.org/TR/xhtml1/DTD/xhtml1-transitional.dtd">
<html xmlns="http://www.w3.org/1999/xhtml" xml:lang="en" lang="en">
 <head>
  <title>
</title>
<meta http-equiv="Content-Type" content="text/html;charset=utf-8" />
  <meta name='ocr-system' content='tesseract 3.04.00' />
  <meta name='ocr-capabilities' content='ocr_page ocr_carea ocr_par ocr_line ocrx_word'/>
</head>
<body>
  <div class='ocr_page' id='page_1' title='image "./histoiredesrgn02basiuoft_0339.png"; bbox 0 0 2054 3470; ppageno 0'>
   <div class='ocr_carea' id='block_1_1' title="bbox 750 324 1658 372">
    <p class='ocr_par' dir='ltr' id='par_1_1' title="bbox 750 324 1658 372">
     <span class='ocr_line' id='line_1_1' title="bbox 750 324 1658 372; baseline -0.001 -7"><span class='ocrx_word' id='word_1_1' title='bbox 750 324 894 365; x_wconf 85' lang='lat' dir='ltr'><strong>LIBER</strong></span> <span class='ocrx_word' id='word_1_2' title='bbox 931 327 1150 365; x_wconf 83' lang='lat' dir='ltr'><strong>TERTIUS.</strong></span> <span class='ocrx_word' id='word_1_3' title='bbox 1583 329 1658 372; x_wconf 68' lang='lat'>255</span> 
     </span>
    </p>
   </div>
   <div class='ocr_carea' id='block_1_2' title="bbox 729 531 1181 610">
    <p class='ocr_par' dir='ltr' id='par_1_2' title="bbox 729 531 1181 610">
     <span class='ocr_line' id='line_1_2' title="bbox 729 531 1181 610; baseline -0.004 0"><span class='ocrx_word' id='word_1_4' title='bbox 729 565 1068 610; x_wconf 76' lang='lat' dir='ltr'><strong>CAPrrULUM</strong></span> <span class='ocrx_word' id='word_1_5' title='bbox 1101 531 1181 608; x_wconf 71' lang='lat' dir='ltr'>1x.</span> 
     </span>
    </p>
   </div>
   <div class='ocr_carea' id='block_1_3' title="bbox 257 705 1659 852">
    <p class='ocr_par' dir='ltr' id='par_1_3' title="bbox 257 705 1659 852">
     <span class='ocr_line' id='line_1_3' title="bbox 257 705 1659 754; baseline -0.003 -10"><span class='ocrx_word' id='word_1_6' title='bbox 257 709 414 754; x_wconf 70' lang='lat' dir='ltr'>Qualiter</span> <span class='ocrx_word' id='word_1_7' title='bbox 426 705 627 748; x_wconf 82' lang='lat' dir='ltr'>Edoardus,</span> <span class='ocrx_word' id='word_1_8' title='bbox 637 718 700 740; x_wconf 83' lang='lat' dir='ltr'>rex</span> <span class='ocrx_word' id='word_1_9' title='bbox 713 706 922 752; x_wconf 81' lang='lat' dir='ltr'>Anglorum,</span> <span class='ocrx_word' id='word_1_10' title='bbox 938 717 1096 740; x_wconf 82' lang='lat' dir='ltr'>reversus</span> <span class='ocrx_word' id='word_1_11' title='bbox 1113 713 1163 739; x_wconf 83' lang='lat' dir='ltr'>est</span> <span class='ocrx_word' id='word_1_12' title='bbox 1178 705 1215 738; x_wconf 90' lang='lat' dir='ltr'>in</span> <span class='ocrx_word' id='word_1_13' title='bbox 1227 705 1403 752; x_wconf 83' lang='lat' dir='ltr'>Angliam,</span> <span class='ocrx_word' id='word_1_14' title='bbox 1419 713 1452 740; x_wconf 84' lang='lat' dir='ltr'>et</span> <span class='ocrx_word' id='word_1_15' title='bbox 1464 706 1659 740; x_wconf 67' lang='lat' dir='ltr'>Hem-icum</span> 
     </span>
     <span class='ocr_line' id='line_1_4' title="bbox 298 757 1657 809; baseline 0 -14"><span class='ocrx_word' id='word_1_16' title='bbox 298 773 432 809; x_wconf 80' lang='lat' dir='ltr'>regem,</span> <span class='ocrx_word' id='word_1_17' title='bbox 450 758 647 795; x_wconf 80' lang='lat' dir='ltr'>Londoniis</span> <span class='ocrx_word' id='word_1_18' title='bbox 662 768 802 806; x_wconf 83' lang='lat' dir='ltr'>captum</span> <span class='ocrx_word' id='word_1_19' title='bbox 813 787 823 804; x_wconf 91' lang='lat'><strong>,</strong></span> <span class='ocrx_word' id='word_1_20' title='bbox 841 759 960 794; x_wconf 86' lang='lat' dir='ltr'>denuo</span> <span class='ocrx_word' id='word_1_21' title='bbox 975 761 1012 794; x_wconf 89' lang='lat' dir='ltr'>in</span> <span class='ocrx_word' id='word_1_22' title='bbox 1035 759 1150 794; x_wconf 80' lang='lat' dir='ltr'>Turre</span> <span class='ocrx_word' id='word_1_23' title='bbox 1166 757 1448 803; x_wconf 82' lang='lat' dir='ltr'>Londoniarum,</span> <span class='ocrx_word' id='word_1_24' title='bbox 1465 760 1519 794; x_wconf 82' lang='lat' dir='ltr'>uti</span> <span class='ocrx_word' id='word_1_25' title='bbox 1539 761 1657 807; x_wconf 83' lang='lat' dir='ltr'>prius,</span> 
     </span>
     <span class='ocr_line' id='line_1_5' title="bbox 299 814 628 852; baseline -0.015 0"><span class='ocrx_word' id='word_1_26' title='bbox 299 827 437 852; x_wconf 76' lang='lat' dir='ltr'>carcere</span> <span class='ocrx_word' id='word_1_27' title='bbox 450 814 590 849; x_wconf 78' lang='lat' dir='ltr'>reclusit</span> <span class='ocrx_word' id='word_1_28' title='bbox 601 814 628 848; x_wconf 86' lang='lat'>¹.</span> 
     </span>
    </p>
   </div>
   <div class='ocr_carea' id='block_1_4' title="bbox 250 939 1663 1774">
    <p class='ocr_par' dir='ltr' id='par_1_4' title="bbox 250 939 1663 1774">
     <span class='ocr_line' id='line_1_6' title="bbox 318 939 1657 1006; baseline -0.003 -16"><span class='ocrx_word' id='word_1_29' title='bbox 318 946 410 990; x_wconf 89' lang='lat' dir='ltr'>Eos</span> <span class='ocrx_word' id='word_1_30' title='bbox 439 942 580 1006; x_wconf 86' lang='lat' dir='ltr'>igitur</span> <span class='ocrx_word' id='word_1_31' title='bbox 608 940 861 988; x_wconf 87' lang='lat' dir='ltr'>Edoardus</span> <span class='ocrx_word' id='word_1_32' title='bbox 897 957 978 987; x_wconf 85' lang='lat' dir='ltr'>rex</span> <span class='ocrx_word' id='word_1_33' title='bbox 1029 939 1118 986; x_wconf 90' lang='lat' dir='ltr'>sibi</span> <span class='ocrx_word' id='word_1_34' title='bbox 1150 939 1411 986; x_wconf 88' lang='lat' dir='ltr'>concilians</span> <span class='ocrx_word' id='word_1_35' title='bbox 1454 950 1501 986; x_wconf 90' lang='lat' dir='ltr'>et</span> <span class='ocrx_word' id='word_1_36' title='bbox 1536 957 1657 1005; x_wconf 89' lang='lat' dir='ltr'>pro-</span> 
     </span>
     <span class='ocr_line' id='line_1_7' title="bbox 254 1016 1660 1083; baseline -0.004 -15"><span class='ocrx_word' id='word_1_37' title='bbox 254 1019 556 1068; x_wconf 87' lang='lat' dir='ltr'>missionibus</span> <span class='ocrx_word' id='word_1_38' title='bbox 589 1028 731 1083; x_wconf 90' lang='lat' dir='ltr'>atque</span> <span class='ocrx_word' id='word_1_39' title='bbox 765 1016 1044 1064; x_wconf 90' lang='lat' dir='ltr'>muneribus</span> <span class='ocrx_word' id='word_1_40' title='bbox 1075 1016 1300 1071; x_wconf 85' lang='lat' dir='ltr'>alliciens,</span> <span class='ocrx_word' id='word_1_41' title='bbox 1341 1017 1402 1064; x_wconf 86' lang='lat' dir='ltr'>ad</span> <span class='ocrx_word' id='word_1_42' title='bbox 1436 1017 1660 1064; x_wconf 77' lang='lat' dir='ltr'>transfre-</span> 
     </span>
     <span class='ocr_line' id='line_1_8' title="bbox 251 1094 1657 1159; baseline -0.002 -14"><span class='ocrx_word' id='word_1_43' title='bbox 251 1097 451 1146; x_wconf 77' lang='lat' dir='ltr'>tandum</span> <span class='ocrx_word' id='word_1_44' title='bbox 494 1097 543 1143; x_wconf 91' lang='lat' dir='ltr'>in</span> <span class='ocrx_word' id='word_1_45' title='bbox 579 1112 779 1159; x_wconf 86' lang='lat' dir='ltr'>regnum</span> <span class='ocrx_word' id='word_1_46' title='bbox 818 1111 956 1142; x_wconf 85' lang='lat' dir='ltr'>suum</span> <span class='ocrx_word' id='word_1_47' title='bbox 1000 1094 1203 1157; x_wconf 86' lang='lat' dir='ltr'>Angliae‚</span> <span class='ocrx_word' id='word_1_48' title='bbox 1247 1110 1392 1158; x_wconf 85' lang='lat' dir='ltr'>quam</span> <span class='ocrx_word' id='word_1_49' title='bbox 1436 1095 1657 1158; x_wconf 78' lang='lat' dir='ltr'>colligere</span> 
     </span>
     <span class='ocr_line' id='line_1_9' title="bbox 250 1170 1656 1239; baseline -0.002 -18"><span class='ocrx_word' id='word_1_50' title='bbox 250 1182 502 1239; x_wconf 80' lang='lat' dir='ltr'>potuerat,</span> <span class='ocrx_word' id='word_1_51' title='bbox 544 1172 750 1219; x_wconf 88' lang='lat' dir='ltr'>militum</span> <span class='ocrx_word' id='word_1_52' title='bbox 791 1188 985 1218; x_wconf 88' lang='lat' dir='ltr'>manum</span> <span class='ocrx_word' id='word_1_53' title='bbox 1007 1208 1019 1231; x_wconf 89' lang='lat'>‚</span> <span class='ocrx_word' id='word_1_54' title='bbox 1067 1170 1206 1217; x_wconf 87' lang='lat' dir='ltr'>valde</span> <span class='ocrx_word' id='word_1_55' title='bbox 1250 1181 1524 1235; x_wconf 87' lang='lat' dir='ltr'>opportune</span> <span class='ocrx_word' id='word_1_56' title='bbox 1566 1171 1656 1218; x_wconf 87' lang='lat' dir='ltr'>sibi</span> 
     </span>
     <span class='ocr_line' id='line_1_10' title="bbox 251 1247 1660 1312; baseline -0.001 -15"><span class='ocrx_word' id='word_1_57' title='bbox 251 1251 426 1298; x_wconf 85' lang='lat' dir='ltr'>servire</span> <span class='ocrx_word' id='word_1_58' title='bbox 471 1249 594 1296; x_wconf 87' lang='lat' dir='ltr'>fecit.</span> <span class='ocrx_word' id='word_1_59' title='bbox 635 1252 785 1295; x_wconf 80' lang='lat' dir='ltr'>Porro</span> <span class='ocrx_word' id='word_1_60' title='bbox 819 1249 982 1306; x_wconf 89' lang='lat' dir='ltr'>classe,</span> <span class='ocrx_word' id='word_1_61' title='bbox 1021 1265 1166 1312; x_wconf 91' lang='lat' dir='ltr'>quam</span> <span class='ocrx_word' id='word_1_62' title='bbox 1200 1258 1296 1294; x_wconf 86' lang='lat' dir='ltr'>tam</span> <span class='ocrx_word' id='word_1_63' title='bbox 1326 1265 1381 1294; x_wconf 84' lang='lat' dir='ltr'>ex</span> <span class='ocrx_word' id='word_1_64' title='bbox 1417 1247 1660 1296; x_wconf 81' lang='lat' dir='ltr'>dictorum</span> 
     </span>
     <span class='ocr_line' id='line_1_11' title="bbox 253 1324 1660 1389; baseline -0.001 -15"><span class='ocrx_word' id='word_1_65' title='bbox 253 1326 631 1389; x_wconf 79' lang='lat' dir='ltr'>Osterlingorum</span> <span class='ocrx_word' id='word_1_66' title='bbox 647 1325 847 1386; x_wconf 79' lang='lat' dir='ltr'>auxiliis,</span> <span class='ocrx_word' id='word_1_67' title='bbox 866 1341 1009 1389; x_wconf 86' lang='lat' dir='ltr'>quam</span> <span class='ocrx_word' id='word_1_68' title='bbox 1027 1341 1084 1371; x_wconf 83' lang='lat' dir='ltr'>ex</span> <span class='ocrx_word' id='word_1_69' title='bbox 1104 1324 1206 1371; x_wconf 88' lang='lat' dir='ltr'>aliis</span> <span class='ocrx_word' id='word_1_70' title='bbox 1240 1341 1346 1388; x_wconf 85' lang='lat' dir='ltr'>quae</span> <span class='ocrx_word' id='word_1_71' title='bbox 1364 1325 1412 1370; x_wconf 90' lang='lat' dir='ltr'>in</span> <span class='ocrx_word' id='word_1_72' title='bbox 1439 1325 1660 1372; x_wconf 84' lang='lat' dir='ltr'>Flandria</span> 
     </span>
     <span class='ocr_line' id='line_1_12' title="bbox 253 1402 1660 1467; baseline -0.001 -17"><span class='ocrx_word' id='word_1_73' title='bbox 253 1413 300 1450; x_wconf 89' lang='lat' dir='ltr'>et</span> <span class='ocrx_word' id='word_1_74' title='bbox 319 1402 541 1451; x_wconf 85' lang='lat' dir='ltr'>Zelandia</span> <span class='ocrx_word' id='word_1_75' title='bbox 563 1412 705 1466; x_wconf 89' lang='lat' dir='ltr'>atque</span> <span class='ocrx_word' id='word_1_76' title='bbox 728 1402 978 1449; x_wconf 88' lang='lat' dir='ltr'>Hollandia</span> <span class='ocrx_word' id='word_1_77' title='bbox 1000 1402 1211 1448; x_wconf 88' lang='lat' dir='ltr'>invenire</span> <span class='ocrx_word' id='word_1_78' title='bbox 1234 1411 1475 1465; x_wconf 83' lang='lat' dir='ltr'>potuerat,</span> <span class='ocrx_word' id='word_1_79' title='bbox 1497 1413 1660 1467; x_wconf 80' lang='lat' dir='ltr'>parata</span> 
     </span>
     <span class='ocr_line' id='line_1_13' title="bbox 255 1478 1662 1544; baseline -0.001 -17"><span class='ocrx_word' id='word_1_80' title='bbox 255 1489 303 1527; x_wconf 92' lang='lat' dir='ltr'>et</span> <span class='ocrx_word' id='word_1_81' title='bbox 325 1481 569 1536; x_wconf 89' lang='lat' dir='ltr'>instructa,</span> <span class='ocrx_word' id='word_1_82' title='bbox 598 1478 731 1544; x_wconf 84' lang='lat' dir='ltr'><strong>[x]1v.</strong></span> <span class='ocrx_word' id='word_1_83' title='bbox 764 1478 842 1525; x_wconf 90' lang='lat' dir='ltr'>die</span> <span class='ocrx_word' id='word_1_84' title='bbox 873 1479 1047 1525; x_wconf 87' lang='lat' dir='ltr'>mensis</span> <span class='ocrx_word' id='word_1_85' title='bbox 1078 1478 1259 1536; x_wconf 79' lang='lat' dir='ltr'>martii,</span> <span class='ocrx_word' id='word_1_86' title='bbox 1285 1495 1449 1525; x_wconf 80' lang='lat' dir='ltr'>versus</span> <span class='ocrx_word' id='word_1_87' title='bbox 1471 1490 1662 1543; x_wconf 82' lang='lat' dir='ltr'>septen·</span> 
     </span>
     <span class='ocr_line' id='line_1_14' title="bbox 254 1555 1662 1620; baseline 0 -16"><span class='ocrx_word' id='word_1_88' title='bbox 254 1556 506 1604; x_wconf 85' lang='lat' dir='ltr'>trionalem</span> <span class='ocrx_word' id='word_1_89' title='bbox 535 1555 723 1620; x_wconf 82' lang='lat' dir='ltr'>plagam</span> <span class='ocrx_word' id='word_1_90' title='bbox 754 1555 886 1617; x_wconf 83' lang='lat' dir='ltr'>regni</span> <span class='ocrx_word' id='word_1_91' title='bbox 915 1556 986 1601; x_wconf 90' lang='lat' dir='ltr'>sui</span> <span class='ocrx_word' id='word_1_92' title='bbox 1010 1555 1292 1602; x_wconf 86' lang='lat' dir='ltr'>descensum</span> <span class='ocrx_word' id='word_1_93' title='bbox 1321 1555 1382 1601; x_wconf 90' lang='lat' dir='ltr'>ad</span> <span class='ocrx_word' id='word_1_94' title='bbox 1405 1566 1552 1603; x_wconf 85' lang='lat' dir='ltr'>terras</span> <span class='ocrx_word' id='word_1_95' title='bbox 1581 1573 1662 1604; x_wconf 92' lang='lat' dir='ltr'>ac-</span> 
     </span>
     <span class='ocr_line' id='line_1_15' title="bbox 255 1631 1659 1698; baseline 0 -18"><span class='ocrx_word' id='word_1_96' title='bbox 255 1634 380 1698; x_wconf 88' lang='lat' dir='ltr'>cepit</span> <span class='ocrx_word' id='word_1_97' title='bbox 401 1635 430 1678; x_wconf 79' lang='lat'>².</span> <span class='ocrx_word' id='word_1_98' title='bbox 456 1635 507 1678; x_wconf 87' lang='lat' dir='ltr'>ln</span> <span class='ocrx_word' id='word_1_99' title='bbox 531 1631 703 1696; x_wconf 88' lang='lat' dir='ltr'>quibus</span> <span class='ocrx_word' id='word_1_100' title='bbox 724 1648 834 1678; x_wconf 89' lang='lat' dir='ltr'>cum</span> <span class='ocrx_word' id='word_1_101' title='bbox 857 1633 1035 1696; x_wconf 89' lang='lat' dir='ltr'>copias,</span> <span class='ocrx_word' id='word_1_102' title='bbox 1061 1647 1179 1694; x_wconf 90' lang='lat' dir='ltr'>quas</span> <span class='ocrx_word' id='word_1_103' title='bbox 1203 1647 1362 1678; x_wconf 91' lang='lat' dir='ltr'>secum</span> <span class='ocrx_word' id='word_1_104' title='bbox 1387 1632 1659 1691; x_wconf 82' lang='lat' dir='ltr'>advexerat,</span> 
     </span>
     <span class='ocr_line' id='line_1_16' title="bbox 255 1708 1663 1774; baseline 0 -18"><span class='ocrx_word' id='word_1_105' title='bbox 255 1709 578 1774; x_wconf 87' lang='lat' dir='ltr'>deposuisset,</span> <span class='ocrx_word' id='word_1_106' title='bbox 598 1708 775 1773; x_wconf 77' lang='lat' dir='ltr'>Junctis</span> <span class='ocrx_word' id='word_1_107' title='bbox 803 1724 964 1754; x_wconf 88' lang='lat' dir='ltr'>secum</span> <span class='ocrx_word' id='word_1_108' title='bbox 988 1725 1156 1755; x_wconf 86' lang='lat' dir='ltr'>eorum</span> <span class='ocrx_word' id='word_1_109' title='bbox 1182 1709 1264 1770; x_wconf 89' lang='lat' dir='ltr'>qui</span> <span class='ocrx_word' id='word_1_110' title='bbox 1286 1709 1347 1756; x_wconf 89' lang='lat' dir='ltr'>ad</span> <span class='ocrx_word' id='word_1_111' title='bbox 1380 1726 1429 1756; x_wconf 92' lang='lat' dir='ltr'>se</span> <span class='ocrx_word' id='word_1_112' title='bbox 1454 1726 1480 1756; x_wconf 90' lang='lat' dir='ltr'>e</span> <span class='ocrx_word' id='word_1_113' title='bbox 1515 1726 1663 1774; x_wconf 83' lang='lat' dir='ltr'>regno</span> 
     </span>
    </p>
   </div>
   <div class='ocr_carea' id='block_1_5' title="bbox 254 1786 1662 1852">
    <p class='ocr_par' dir='ltr' id='par_1_5' title="bbox 254 1786 1662 1852">
     <span class='ocr_line' id='line_1_17' title="bbox 254 1786 1662 1852; baseline 0.001 -17"><span class='ocrx_word' id='word_1_114' title='bbox 254 1788 616 1835; x_wconf 83' lang='lat' dir='ltr'>confluxerant³</span> <span class='ocrx_word' id='word_1_115' title='bbox 644 1788 820 1852; x_wconf 81' lang='lat' dir='ltr'>copiiS‚</span> <span class='ocrx_word' id='word_1_116' title='bbox 867 1786 929 1833; x_wconf 92' lang='lat' dir='ltr'>ad</span> <span class='ocrx_word' id='word_1_117' title='bbox 969 1787 1137 1834; x_wconf 81' lang='lat' dir='ltr'>urbem</span> <span class='ocrx_word' id='word_1_118' title='bbox 1182 1790 1346 1835; x_wconf 85' lang='lat' dir='ltr'>suam&#39;·</span> <span class='ocrx_word' id='word_1_119' title='bbox 1392 1787 1662 1836; x_wconf 88' lang='lat' dir='ltr'>Eboracum</span> 
     </span>
    </p>
   </div>
   <div class='ocr_carea' id='block_1_6' title="bbox 255 1920 1671 2743">
    <p class='ocr_par' dir='ltr' id='par_1_6' title="bbox 255 1920 1667 2331">
     <span class='ocr_line' id='line_1_18' title="bbox 308 1920 1664 1976; baseline 0.001 -14"><span class='ocrx_word' id='word_1_120' title='bbox 308 1927 346 1966; x_wconf 78' lang='grc'>1,.</span> <span class='ocrx_word' id='word_1_121' title='bbox 377 1925 429 1962; x_wconf 90' lang='lat' dir='ltr'>Ce</span> <span class='ocrx_word' id='word_1_122' title='bbox 462 1922 653 1974; x_wconf 86' lang='lat' dir='ltr'>chapitre,</span> <span class='ocrx_word' id='word_1_123' title='bbox 679 1924 730 1960; x_wconf 78' lang='grc' dir='ltr'>οὺ</span> <span class='ocrx_word' id='word_1_124' title='bbox 759 1922 814 1960; x_wconf 90' lang='lat' dir='ltr'>les</span> <span class='ocrx_word' id='word_1_125' title='bbox 839 1921 925 1959; x_wconf 87' lang='lat' dir='ltr'>faits</span> <span class='ocrx_word' id='word_1_126' title='bbox 951 1920 1038 1959; x_wconf 80' lang='lat' dir='ltr'>sont</span> <span class='ocrx_word' id='word_1_127' title='bbox 1063 1922 1262 1973; x_wconf 70' lang='lat' dir='ltr'>rapportes</span> <span class='ocrx_word' id='word_1_128' title='bbox 1295 1935 1389 1961; x_wconf 88' lang='lat' dir='ltr'>avec</span> <span class='ocrx_word' id='word_1_129' title='bbox 1413 1935 1489 1962; x_wconf 89' lang='lat' dir='ltr'>une</span> <span class='ocrx_word' id='word_1_130' title='bbox 1517 1925 1664 1976; x_wconf 83' lang='lat' dir='ltr'>grande</span> 
     </span>
     <span class='ocr_line' id='line_1_19' title="bbox 255 1981 1666 2035; baseline 0.001 -14"><span class='ocrx_word' id='word_1_131' title='bbox 255 1983 470 2021; x_wconf 84' lang='lat' dir='ltr'>exactitude</span> <span class='ocrx_word' id='word_1_132' title='bbox 489 1982 537 2021; x_wconf 88' lang='lat' dir='ltr'>de</span> <span class='ocrx_word' id='word_1_133' title='bbox 558 1981 829 2034; x_wconf 83' lang='lat' dir='ltr'>chronologie,</span> <span class='ocrx_word' id='word_1_134' title='bbox 853 1989 908 2018; x_wconf 89' lang='lat' dir='ltr'>est</span> <span class='ocrx_word' id='word_1_135' title='bbox 929 1981 1035 2019; x_wconf 75' lang='lat' dir='ltr'>imite</span> <span class='ocrx_word' id='word_1_136' title='bbox 1054 1990 1090 2019; x_wconf 84' lang='lat' dir='ltr'>et</span> <span class='ocrx_word' id='word_1_137' title='bbox 1111 1991 1275 2020; x_wconf 83' lang='lat' dir='ltr'>souvent</span> <span class='ocrx_word' id='word_1_138' title='bbox 1298 1982 1442 2020; x_wconf 80' lang='lat' dir='ltr'>traduit</span> <span class='ocrx_word' id='word_1_139' title='bbox 1467 1992 1548 2021; x_wconf 82' lang='lat' dir='ltr'>mot</span> <span class='ocrx_word' id='word_1_140' title='bbox 1565 1997 1666 2035; x_wconf 85' lang='lat' dir='ltr'>pour</span> 
     </span>
     <span class='ocr_line' id='line_1_20' title="bbox 255 2040 1667 2095; baseline 0.002 -16"><span class='ocrx_word' id='word_1_141' title='bbox 255 2049 337 2079; x_wconf 91' lang='lat' dir='ltr'>mot</span> <span class='ocrx_word' id='word_1_142' title='bbox 353 2041 470 2080; x_wconf 86' lang='lat' dir='ltr'>d&#39;nne</span> <span class='ocrx_word' id='word_1_143' title='bbox 497 2041 657 2079; x_wconf 79' lang='lat' dir='ltr'>relation</span> <span class='ocrx_word' id='word_1_144' title='bbox 677 2054 726 2079; x_wconf 87' lang='lat' dir='ltr'>en</span> <span class='ocrx_word' id='word_1_145' title='bbox 745 2040 909 2091; x_wconf 73' lang='lat' dir='ltr'>srancais</span> <span class='ocrx_word' id='word_1_146' title='bbox 926 2040 994 2090; x_wconf 91' lang='lat' dir='ltr'>qui</span> <span class='ocrx_word' id='word_1_147' title='bbox 1012 2049 1077 2078; x_wconf 91' lang='lat' dir='ltr'>eut</span> <span class='ocrx_word' id='word_1_148' title='bbox 1101 2054 1215 2079; x_wconf 81' lang='lat' dir='ltr'>cours</span> <span class='ocrx_word' id='word_1_149' title='bbox 1233 2055 1309 2093; x_wconf 87' lang='lat' dir='ltr'>peu</span> <span class='ocrx_word' id='word_1_150' title='bbox 1329 2042 1378 2080; x_wconf 90' lang='lat' dir='ltr'>de</span> <span class='ocrx_word' id='word_1_151' title='bbox 1403 2051 1526 2094; x_wconf 87' lang='lat' dir='ltr'>temps</span> <span class='ocrx_word' id='word_1_152' title='bbox 1554 2045 1667 2095; x_wconf 70' lang='lat' dir='ltr'>apres</span> 
     </span>
     <span class='ocr_line' id='line_1_21' title="bbox 256 2099 1665 2151; baseline 0.001 -13"><span class='ocrx_word' id='word_1_153' title='bbox 256 2100 314 2140; x_wconf 82' lang='lat' dir='ltr'>les</span> <span class='ocrx_word' id='word_1_154' title='bbox 328 2101 592 2148; x_wconf 72' lang='lat' dir='ltr'>evenements‚</span> <span class='ocrx_word' id='word_1_155' title='bbox 609 2109 648 2139; x_wconf 91' lang='lat' dir='ltr'>et</span> <span class='ocrx_word' id='word_1_156' title='bbox 671 2113 747 2151; x_wconf 91' lang='lat' dir='ltr'>que</span> <span class='ocrx_word' id='word_1_157' title='bbox 769 2100 861 2138; x_wconf 90' lang='lat' dir='ltr'>Mlle</span> <span class='ocrx_word' id='word_1_158' title='bbox 879 2103 1039 2151; x_wconf 84' lang='lat' dir='ltr'>Dupont</span> <span class='ocrx_word' id='word_1_159' title='bbox 1055 2112 1078 2137; x_wconf 90' lang='lat' dir='ltr'>a</span> <span class='ocrx_word' id='word_1_160' title='bbox 1100 2099 1256 2151; x_wconf 78' lang='lat' dir='ltr'>publiee</span> <span class='ocrx_word' id='word_1_161' title='bbox 1288 2100 1384 2140; x_wconf 87' lang='lat' dir='ltr'>dans</span> <span class='ocrx_word' id='word_1_162' title='bbox 1417 2115 1487 2140; x_wconf 90' lang='lat' dir='ltr'>son</span> <span class='ocrx_word' id='word_1_163' title='bbox 1519 2102 1665 2140; x_wconf 75' lang='lat' dir='ltr'>edition</span> 
     </span>
     <span class='ocr_line' id='line_1_22' title="bbox 258 2160 1664 2212; baseline 0.001 -14"><span class='ocrx_word' id='word_1_164' title='bbox 258 2160 307 2199; x_wconf 90' lang='lat' dir='ltr'>de</span> <span class='ocrx_word' id='word_1_165' title='bbox 325 2161 540 2200; x_wconf 86' lang='lat' dir='ltr'>Commines</span> <span class='ocrx_word' id='word_1_166' title='bbox 567 2164 617 2209; x_wconf 93' lang='lat' dir='ltr'>(t.</span> <span class='ocrx_word' id='word_1_167' title='bbox 640 2164 719 2208; x_wconf 88' lang='lat'>111,</span> <span class='ocrx_word' id='word_1_168' title='bbox 739 2175 780 2212; x_wconf 89' lang='lat' dir='ltr'>p.</span> <span class='ocrx_word' id='word_1_169' title='bbox 802 2162 916 2208; x_wconf 77' lang='lat'>281),</span> <span class='ocrx_word' id='word_1_170' title='bbox 946 2160 1099 2211; x_wconf 70' lang='lat' dir='ltr'>d&#39;apres</span> <span class='ocrx_word' id='word_1_171' title='bbox 1126 2160 1162 2198; x_wconf 88' lang='lat' dir='ltr'>le</span> <span class='ocrx_word' id='word_1_172' title='bbox 1187 2173 1259 2199; x_wconf 88' lang='lat' dir='ltr'>ms.</span> <span class='ocrx_word' id='word_1_173' title='bbox 1289 2161 1337 2199; x_wconf 89' lang='lat' dir='ltr'>de</span> <span class='ocrx_word' id='word_1_174' title='bbox 1360 2162 1397 2200; x_wconf 87' lang='lat' dir='ltr'>la</span> <span class='ocrx_word' id='word_1_175' title='bbox 1420 2161 1520 2200; x_wconf 89' lang='lat' dir='ltr'>Bibl.</span> <span class='ocrx_word' id='word_1_176' title='bbox 1548 2162 1664 2212; x_wconf 87' lang='lat' dir='ltr'>imp.‚</span> 
     </span>
     <span class='ocr_line' id='line_1_23' title="bbox 257 2213 1667 2273; baseline 0.001 -15"><span class='ocrx_word' id='word_1_177' title='bbox 257 2227 300 2258; x_wconf 84' lang='lat' dir='ltr'>n·</span> <span class='ocrx_word' id='word_1_178' title='bbox 324 2221 490 2259; x_wconf 75' lang='lat'><strong>8448-4.</strong></span> <span class='ocrx_word' id='word_1_179' title='bbox 512 2223 567 2259; x_wconf 91' lang='lat' dir='ltr'>La</span> <span class='ocrx_word' id='word_1_180' title='bbox 584 2220 731 2260; x_wconf 80' lang='lat' dir='ltr'>Societe&#39;</span> <span class='ocrx_word' id='word_1_181' title='bbox 757 2220 823 2258; x_wconf 87' lang='lat' dir='ltr'>des</span> <span class='ocrx_word' id='word_1_182' title='bbox 848 2219 1090 2270; x_wconf 84' lang='lat' dir='ltr'>Antiquaires</span> <span class='ocrx_word' id='word_1_183' title='bbox 1117 2219 1166 2257; x_wconf 88' lang='lat' dir='ltr'>de</span> <span class='ocrx_word' id='word_1_184' title='bbox 1186 2213 1360 2259; x_wconf 83' lang='lat' dir='ltr'>Londres</span> <span class='ocrx_word' id='word_1_185' title='bbox 1379 2235 1428 2260; x_wconf 89' lang='lat' dir='ltr'>en</span> <span class='ocrx_word' id='word_1_186' title='bbox 1447 2234 1469 2259; x_wconf 87' lang='lat' dir='ltr'>a</span> <span class='ocrx_word' id='word_1_187' title='bbox 1489 2221 1667 2273; x_wconf 71' lang='lat' dir='ltr'>imprime</span> 
     </span>
     <span class='ocr_line' id='line_1_24' title="bbox 258 2278 1543 2331; baseline -0.002 -14"><span class='ocrx_word' id='word_1_188' title='bbox 258 2291 335 2317; x_wconf 86' lang='lat' dir='ltr'>une</span> <span class='ocrx_word' id='word_1_189' title='bbox 353 2279 567 2318; x_wconf 81' lang='lat' dir='ltr'>traduction</span> <span class='ocrx_word' id='word_1_190' title='bbox 587 2279 755 2330; x_wconf 86' lang='lat' dir='ltr'>anglaise</span> <span class='ocrx_word' id='word_1_191' title='bbox 773 2279 869 2317; x_wconf 87' lang='lat' dir='ltr'>dans</span> <span class='ocrx_word' id='word_1_192' title='bbox 893 2279 929 2316; x_wconf 88' lang='lat' dir='ltr'>le</span> <span class='ocrx_word' id='word_1_193' title='bbox 947 2287 1049 2316; x_wconf 87' lang='lat' dir='ltr'>tome</span> <span class='ocrx_word' id='word_1_194' title='bbox 1067 2281 1164 2316; x_wconf 88' lang='lat' dir='ltr'>XXI</span> <span class='ocrx_word' id='word_1_195' title='bbox 1184 2278 1231 2317; x_wconf 89' lang='lat' dir='ltr'>de</span> <span class='ocrx_word' id='word_1_196' title='bbox 1249 2279 1543 2331; x_wconf 76' lang='lat' dir='ltr'>l&#39;ArchaeoIogia.</span> 
     </span>
    </p>

    <p class='ocr_par' dir='ltr' id='par_1_7' title="bbox 259 2338 1668 2494">
     <span class='ocr_line' id='line_1_25' title="bbox 310 2338 1668 2389; baseline 0.001 -14"><span class='ocrx_word' id='word_1_197' title='bbox 310 2339 350 2375; x_wconf 81' lang='lat'>2.</span> <span class='ocrx_word' id='word_1_198' title='bbox 380 2341 415 2375; x_wconf 82' lang='lat' dir='ltr'><strong>A</strong></span> <span class='ocrx_word' id='word_1_199' title='bbox 431 2340 660 2389; x_wconf 86' lang='lat' dir='ltr'>Ravenspur</span> <span class='ocrx_word' id='word_1_200' title='bbox 678 2339 743 2387; x_wconf 78' lang='lat'>(14</span> <span class='ocrx_word' id='word_1_201' title='bbox 762 2351 864 2376; x_wconf 87' lang='lat' dir='ltr'>mars</span> <span class='ocrx_word' id='word_1_202' title='bbox 885 2339 1025 2385; x_wconf 76' lang='lat'><strong>1471),</strong></span> <span class='ocrx_word' id='word_1_203' title='bbox 1047 2339 1120 2386; x_wconf 81' lang='grc' dir='ltr'>οὺ,</span> <span class='ocrx_word' id='word_1_204' title='bbox 1146 2338 1321 2376; x_wconf 86' lang='lat' dir='ltr'>soixante</span> <span class='ocrx_word' id='word_1_205' title='bbox 1341 2347 1378 2377; x_wconf 92' lang='lat' dir='ltr'>et</span> <span class='ocrx_word' id='word_1_206' title='bbox 1392 2352 1487 2376; x_wconf 92' lang='lat' dir='ltr'>onze</span> <span class='ocrx_word' id='word_1_207' title='bbox 1507 2352 1576 2377; x_wconf 88' lang='lat' dir='ltr'>ans</span> <span class='ocrx_word' id='word_1_208' title='bbox 1595 2352 1668 2377; x_wconf 90' lang='lat' dir='ltr'>au-</span> 
     </span>
     <span class='ocr_line' id='line_1_26' title="bbox 259 2395 1668 2449; baseline 0.001 -15"><span class='ocrx_word' id='word_1_209' title='bbox 259 2405 462 2448; x_wconf 84' lang='lat' dir='ltr'>paravant,</span> <span class='ocrx_word' id='word_1_210' title='bbox 488 2397 608 2435; x_wconf 81' lang='lat' dir='ltr'>Henri</span> <span class='ocrx_word' id='word_1_211' title='bbox 626 2396 674 2435; x_wconf 90' lang='lat' dir='ltr'>de</span> <span class='ocrx_word' id='word_1_212' title='bbox 693 2399 895 2435; x_wconf 82' lang='lat' dir='ltr'>Lancastre</span> <span class='ocrx_word' id='word_1_213' title='bbox 920 2396 1024 2434; x_wconf 84' lang='lat' dir='ltr'>avait</span> <span class='ocrx_word' id='word_1_214' title='bbox 1047 2395 1243 2447; x_wconf 75' lang='lat' dir='ltr'>debarque</span> <span class='ocrx_word' id='word_1_215' title='bbox 1267 2410 1368 2449; x_wconf 91' lang='lat' dir='ltr'>pour</span> <span class='ocrx_word' id='word_1_216' title='bbox 1392 2397 1574 2436; x_wconf 75' lang='lat' dir='ltr'>detroner</span> <span class='ocrx_word' id='word_1_217' title='bbox 1598 2398 1668 2435; x_wconf 90' lang='lat' dir='ltr'>Ri-</span> 
     </span>
     <span class='ocr_line' id='line_1_27' title="bbox 259 2455 454 2494; baseline 0 -1"><span class='ocrx_word' id='word_1_218' title='bbox 259 2455 378 2493; x_wconf 84' lang='lat' dir='ltr'>chard</span> <span class='ocrx_word' id='word_1_219' title='bbox 394 2457 454 2494; x_wconf 49' lang='grc' dir='ltr'>Π.»</span> 
     </span>
    </p>

    <p class='ocr_par' dir='ltr' id='par_1_8' title="bbox 315 2515 1295 2566">
     <span class='ocr_line' id='line_1_28' title="bbox 315 2515 1295 2566; baseline 0 -13"><span class='ocrx_word' id='word_1_220' title='bbox 315 2517 353 2556; x_wconf 87' lang='grc'>3.</span> <span class='ocrx_word' id='word_1_221' title='bbox 382 2518 484 2554; x_wconf 90' lang='lat' dir='ltr'>Dans</span> <span class='ocrx_word' id='word_1_222' title='bbox 502 2516 538 2554; x_wconf 90' lang='lat' dir='ltr'>le</span> <span class='ocrx_word' id='word_1_223' title='bbox 556 2529 627 2555; x_wconf 90' lang='lat' dir='ltr'>ms.</span> <span class='ocrx_word' id='word_1_224' title='bbox 648 2517 715 2566; x_wconf 81' lang='lat' dir='ltr'>qui</span> <span class='ocrx_word' id='word_1_225' title='bbox 729 2529 767 2552; x_wconf 82' lang='lat' dir='ltr'>se</span> <span class='ocrx_word' id='word_1_226' title='bbox 783 2517 839 2551; x_wconf 85' lang='lat' dir='ltr'>ad</span> <span class='ocrx_word' id='word_1_227' title='bbox 852 2529 1004 2565; x_wconf 80' lang='lat' dir='ltr'>regnum</span> <span class='ocrx_word' id='word_1_228' title='bbox 1024 2515 1295 2563; x_wconf 72' lang='lat' dir='ltr'>confluxerunt.</span> 
     </span>
    </p>

    <p class='ocr_par' dir='ltr' id='par_1_9' title="bbox 260 2568 1671 2743">
     <span class='ocr_line' id='line_1_29' title="bbox 260 2568 1670 2626; baseline 0 -14"><span class='ocrx_word' id='word_1_229' title='bbox 260 2568 262 2570; x_wconf 43' lang='grc'>’</span> <span class='ocrx_word' id='word_1_230' title='bbox 315 2577 354 2612; x_wconf 71' lang='grc'>4.</span> <span class='ocrx_word' id='word_1_231' title='bbox 383 2578 462 2613; x_wconf 81' lang='lat' dir='ltr'>Sua</span> <span class='ocrx_word' id='word_1_232' title='bbox 484 2574 640 2625; x_wconf 87' lang='lat' dir='ltr'>indique</span> <span class='ocrx_word' id='word_1_233' title='bbox 664 2575 757 2625; x_wconf 82' lang='lat' dir='ltr'>qu&#39;il</span> <span class='ocrx_word' id='word_1_234' title='bbox 783 2574 922 2625; x_wconf 77' lang='lat' dir='ltr'>porlait</span> <span class='ocrx_word' id='word_1_235' title='bbox 941 2573 977 2611; x_wconf 93' lang='lat' dir='ltr'>le</span> <span class='ocrx_word' id='word_1_236' title='bbox 996 2586 1088 2610; x_wconf 89' lang='lat' dir='ltr'>nom</span> <span class='ocrx_word' id='word_1_237' title='bbox 1106 2573 1270 2623; x_wconf 86' lang='lat' dir='ltr'>d’York,</span> <span class='ocrx_word' id='word_1_238' title='bbox 1296 2574 1391 2612; x_wconf 86' lang='lat' dir='ltr'>mais</span> <span class='ocrx_word' id='word_1_239' title='bbox 1411 2588 1489 2612; x_wconf 90' lang='lat' dir='ltr'>non</span> <span class='ocrx_word' id='word_1_240' title='bbox 1508 2587 1576 2626; x_wconf 85' lang='lat' dir='ltr'>pas</span> <span class='ocrx_word' id='word_1_241' title='bbox 1595 2587 1670 2624; x_wconf 91' lang='lat' dir='ltr'>que</span> 
     </span>
     <span class='ocr_line' id='line_1_30' title="bbox 262 2632 1671 2683; baseline 0 -13"><span class='ocrx_word' id='word_1_242' title='bbox 262 2640 358 2670; x_wconf 82' lang='lat' dir='ltr'>cette</span> <span class='ocrx_word' id='word_1_243' title='bbox 376 2633 466 2670; x_wconf 85' lang='lat' dir='ltr'>ville</span> <span class='ocrx_word' id='word_1_244' title='bbox 488 2633 667 2671; x_wconf 66' lang='lat' dir='ltr'>favorisat</span> <span class='ocrx_word' id='word_1_245' title='bbox 685 2646 744 2671; x_wconf 87' lang='lat' dir='ltr'>ses</span> <span class='ocrx_word' id='word_1_246' title='bbox 762 2634 1001 2683; x_wconf 72' lang='lat' dir='ltr'>esperances‚</span> <span class='ocrx_word' id='word_1_247' title='bbox 1022 2644 1087 2669; x_wconf 90' lang='lat' dir='ltr'>car</span> <span class='ocrx_word' id='word_1_248' title='bbox 1102 2632 1128 2669; x_wconf 94' lang='lat' dir='ltr'>il</span> <span class='ocrx_word' id='word_1_249' title='bbox 1149 2635 1213 2682; x_wconf 85' lang='lat' dir='ltr'>n&#39;y</span> <span class='ocrx_word' id='word_1_250' title='bbox 1233 2632 1290 2669; x_wconf 86' lang='lat' dir='ltr'>fut</span> <span class='ocrx_word' id='word_1_251' title='bbox 1308 2645 1400 2683; x_wconf 68' lang='lat' dir='ltr'>recu</span> <span class='ocrx_word' id='word_1_252' title='bbox 1419 2635 1507 2683; x_wconf 70' lang='lat' dir='ltr'>qu’a</span> <span class='ocrx_word' id='word_1_253' title='bbox 1528 2633 1563 2670; x_wconf 84' lang='lat' dir='ltr'>la</span> <span class='ocrx_word' id='word_1_254' title='bbox 1579 2645 1671 2670; x_wconf 94' lang='lat' dir='ltr'>con-</span> 
     </span>
     <span class='ocr_line' id='line_1_31' title="bbox 263 2691 1671 2743; baseline -0.001 -14"><span class='ocrx_word' id='word_1_255' title='bbox 263 2691 383 2729; x_wconf 90' lang='lat' dir='ltr'>dition</span> <span class='ocrx_word' id='word_1_256' title='bbox 413 2691 607 2740; x_wconf 84' lang='lat' dir='ltr'>d’abjurer</span> <span class='ocrx_word' id='word_1_257' title='bbox 632 2705 690 2730; x_wconf 89' lang='lat' dir='ltr'>ses</span> <span class='ocrx_word' id='word_1_258' title='bbox 718 2692 954 2743; x_wconf 81' lang='lat' dir='ltr'>pretentions</span> <span class='ocrx_word' id='word_1_259' title='bbox 981 2693 1003 2728; x_wconf 77' lang='lat' dir='ltr'>a</span> <span class='ocrx_word' id='word_1_260' title='bbox 1029 2691 1067 2728; x_wconf 87' lang='lat' dir='ltr'>la</span> <span class='ocrx_word' id='word_1_261' title='bbox 1093 2704 1291 2729; x_wconf 85' lang='lat' dir='ltr'>couronne</span> <span class='ocrx_word' id='word_1_262' title='bbox 1324 2705 1372 2729; x_wconf 89' lang='lat' dir='ltr'>en</span> <span class='ocrx_word' id='word_1_263' title='bbox 1403 2693 1586 2742; x_wconf 75' lang='lat' dir='ltr'>presence</span> <span class='ocrx_word' id='word_1_264' title='bbox 1617 2691 1671 2728; x_wconf 92' lang='lat' dir='ltr'>du</span> 
     </span>
    </p>
   </div>
   <div class='ocr_carea' id='block_1_7' title="bbox 263 2749 1671 2859">
    <p class='ocr_par' dir='ltr' id='par_1_10' title="bbox 263 2749 1671 2859">
     <span class='ocr_line' id='line_1_32' title="bbox 263 2749 1671 2802; baseline -0.003 -14"><span class='ocrx_word' id='word_1_265' title='bbox 263 2750 403 2801; x_wconf 88' lang='lat' dir='ltr'>peuple</span> <span class='ocrx_word' id='word_1_266' title='bbox 420 2759 458 2788; x_wconf 89' lang='lat' dir='ltr'>et</span> <span class='ocrx_word' id='word_1_267' title='bbox 478 2750 530 2787; x_wconf 87' lang='lat' dir='ltr'>du</span> <span class='ocrx_word' id='word_1_268' title='bbox 555 2750 681 2802; x_wconf 67' lang='lat' dir='ltr'>clergie</span> <span class='ocrx_word' id='word_1_269' title='bbox 712 2750 841 2789; x_wconf 79' lang='lat' dir='ltr'>reunis</span> <span class='ocrx_word' id='word_1_270' title='bbox 860 2749 954 2787; x_wconf 85' lang='lat' dir='ltr'>dans</span> <span class='ocrx_word' id='word_1_271' title='bbox 972 2749 1011 2787; x_wconf 86' lang='lat' dir='ltr'>la</span> <span class='ocrx_word' id='word_1_272' title='bbox 1029 2749 1270 2788; x_wconf 77' lang='lat' dir='ltr'>cathedrale.</span> <span class='ocrx_word' id='word_1_273' title='bbox 1294 2749 1459 2800; x_wconf 85' lang='lat' dir='ltr'>Lingard</span> <span class='ocrx_word' id='word_1_274' title='bbox 1472 2780 1483 2798; x_wconf 90' lang='lat'>,</span> <span class='ocrx_word' id='word_1_275' title='bbox 1507 2751 1671 2786; x_wconf 82' lang='lat' dir='ltr'>Histoire</span> 
     </span>
     <span class='ocr_line' id='line_1_33' title="bbox 263 2809 820 2859; baseline 0.002 -14"><span class='ocrx_word' id='word_1_276' title='bbox 263 2809 539 2859; x_wconf 73' lang='lat' dir='ltr'>d&#39;Angleterre,</span> <span class='ocrx_word' id='word_1_277' title='bbox 564 2817 591 2846; x_wconf 90' lang='lat' dir='ltr'>t.</span> <span class='ocrx_word' id='word_1_278' title='bbox 612 2811 664 2854; x_wconf 89' lang='lat'>11,</span> <span class='ocrx_word' id='word_1_279' title='bbox 685 2809 746 2846; x_wconf 91' lang='lat' dir='ltr'>ch.</span> <span class='ocrx_word' id='word_1_280' title='bbox 766 2822 820 2846; x_wconf 81' lang='lat'>1¹.</span> 
     </span>
    </p>
   </div>
  </div>
 </body>
</html>
