2054 3470
435 307 513 345 238
798 308 1139 347 HISTORIARUM
1166 311 1400 349 LUDOVICI
1428 312 1484 348 XI

500 394 740 447 Accedens
771 395 930 459 itaque
963 397 1024 443 ad
1060 414 1170 444 eum
1202 409 1249 445 et
1273 399 1463 449 easdem
1490 397 1579 444 sibi
1610 398 1839 447 exhibens

434 471 609 519 litteras
631 482 770 536 atque
792 473 1075 535 ostendam,
1102 476 1361 523 sciscitatus
1389 485 1460 523 est
1486 475 1548 522 ab
1570 492 1653 537 e0,
1678 492 1739 524 an
1777 477 1841 525 ad

432 548 590 614 ipsum
608 549 770 595 litterae
787 549 1120 613 hujuscemodi
1138 554 1318 617 scriptae
1338 562 1507 600 essent.
1535 555 1638 617 lpse
1659 561 1836 615 autem,

431 627 557 675 mala
586 628 772 675 sceleris
805 629 961 693 ipsum
983 630 1182 677 rodente
1206 632 1517 691 conscientia,
1544 631 1746 695 pavidus
1767 632 1843 680 ef-

431 703 580 751 fectus
611 715 658 752 et
692 705 1053 769 quodammodo
1084 719 1437 769 consternatus,
1471 708 1663 755 infitiari
1699 709 1843 775 coepit

431 782 565 846 quod
595 782 875 845 hujusmodi
901 783 962 829 ad
990 801 1039 831 se
1066 785 1230 832 litterae
1252 786 1583 850 dirigerentur.
1611 788 1720 843 Quo
1754 802 1844 834 au·
1904 842 1910 850 1

434 859 558 919 dito,
597 859 879 921 statimrsibi
918 861 1046 907 idem
1077 864 1310 910 Antonius
1344 864 1461 910 dixit
1496 863 1629 927 quod
1661 862 1843 928 absque

433 936 662 983 dilatione
678 936 739 983 ad
755 936 1006 984 dominum
1026 955 1080 985 ac
1103 939 1293 986 fratrem
1309 957 1468 999 suum,
1484 941 1735 987 dominum
1754 940 1842 987 du-

433 1031 535 1060 cem
551 1050 563 1073 ‚
585 1030 663 1060 eas
687 1014 940 1078 perferret,
967 1015 1095 1079 apud
1116 1032 1260 1078 quem
1284 1034 1366 1065 seu
1393 1017 1539 1064 alium
1559 1033 1843 1082 quemcum-

433 1107 527 1154 que
555 1090 689 1136 malae
721 1091 1002 1155 suspicionis
1032 1093 1295 1157 periculum
1336 1095 1533 1142 minime
1568 1093 1659 1141 sibi
1689 1095 1842 1142 facere

433 1167 594 1227 vellet3
614 1169 915 1232 perrexitque
940 1170 1258 1216 incontinenti
1279 1180 1326 1217 et
1345 1172 1447 1218 sine
1469 1187 1605 1218 mora
1626 1171 1687 1219 ad
1709 1188 1836 1232 eum,

433 1244 675 1309 dictasque
713 1245 803 1292 sibi
833 1245 1011 1292 litteras
1044 1248 1366 1311 praesentavit,
1400 1247 1744 1311 quomodoque
1780 1249 1842 1296 ad

434 1339 544 1369 eum
565 1323 625 1369 de
641 1339 787 1369 manu
808 1324 970 1370 rustici
986 1324 1230 1386 cujusdam
1245 1326 1586 1389 pervenissent,
1604 1335 1651 1372 et
1664 1326 1844 1373 eisdem

434 1414 462 1445 a
484 1415 532 1445 se
557 1399 686 1461 fratri
708 1416 794 1446 suo
817 1399 1049 1446 Balduino
1073 1403 1289 1462 ostensis,
1312 1401 1538 1450 infitiatus
1558 1402 1723 1451 fuisset
1742 1403 1844 1467 ipse

434 1491 512 1522 eas
536 1476 597 1522 ad
618 1493 667 1522 se
689 1477 883 1540 scriptas
909 1477 1025 1536 sore,
1053 1494 1137 1541 per
1159 1478 1376 1525 ordinem
1400 1481 1676 1540 enarravit&

502 1553 686 1610 Quibus
709 1553 841 1600 lectis
856 1591 866 1611 ‚
893 1553 1118 1601 dominus
1141 1555 1255 1617 dux,
1280 1558 1613 1620 mysteriorum
1635 1557 1731 1604 illic
1753 1557 1842 1604 ob·

437 1639 673 1676 tectorum
696 1630 1012 1676 admiratione
1035 1643 1296 1695 permotus,
1321 1635 1479 1680 statim
1501 1624 1725 1680 eumdem
1748 1633 1842 1680 fra-

437 1716 558 1754 trem
602 1724 742 1754 suum
790 1707 1052 1754 naturalem
1095 1711 1354 1756 Antonium
1396 1703 1704 1775 interrogavit
1723 1748 1737 1772 ‚
1781 1727 1845 1759 an

434 1785 663 1831 rusticum
697 1785 746 1830 in
787 1785 967 1849 oppido
1003 1786 1213 1833 invenire
1246 1798 1425 1852 posset,
1451 1799 1498 1835 et
1524 1789 1563 1834 si
1596 1790 1844 1836 inventum

433 1871 811 1924 recognosceret.
855 1862 949 1918 Qui
985 1878 1035 1908 se
1069 1863 1134 1910 ita
1166 1863 1358 1910 credere
1393 1863 1664 1927 respondit;
1701 1872 1845 1927 atque

432 1935 752 1984 incontinenti
778 1937 839 1983 de
867 1953 924 1983 eo
950 1940 1273 2002 perquirendo
1304 1950 1352 1987 et
1383 1940 1671 1987 inveniendo
1704 1956 1844 1991 exac-

434 2021 531 2059 tam
570 2030 736 2061 curam
769 2014 1008 2079 praestitit,
1046 2016 1112 2061 sic
1147 2017 1280 2079 quod
1313 2034 1424 2064 eum
1458 2034 1559 2064 non
1593 2016 1846 2081 difficulter

431 2090 636 2149 invenit,
662 2101 710 2137 et
745 2091 993 2137 inventum
1030 2091 1155 2138 illico
1190 2093 1247 2139 ad
1284 2093 1539 2141 dominum
1561 2094 1733 2141 ducem
1759 2094 1846 2141 ad-

432 2165 582 2214 duxit.
607 2170 643 2214 A
667 2184 766 2231 quo
798 2168 1115 2230 interrogatus
1151 2170 1281 2217 unde
1308 2171 1640 2234 hujuscemodi
1667 2171 1846 2219 litteras

433 2243 694 2304 habuisset,
717 2247 964 2310 respondit
984 2263 1011 2292 a
1037 2247 1249 2310 quodam
1275 2248 1488 2311 homine,
1517 2267 1616 2298 non
1640 2249 1844 2296 multum

431 2333 613 2369 remote
642 2323 702 2369 ab
727 2324 938 2388 oppido,
966 2341 1043 2371 eas
1069 2324 1182 2385 sibi,
1212 2336 1263 2372 ut
1287 2327 1348 2373 ad
1380 2327 1631 2374 dominum
1658 2331 1839 2374 Bastar-

433 2398 549 2446 dum
572 2399 776 2447 deferret
790 2438 801 2460 ‚
825 2402 962 2448 fuisse
983 2402 1200 2462 traditas,
1226 2405 1308 2467 qui
1330 2421 1441 2451 cum
1463 2405 1699 2452 celeritate
1721 2413 1851 2460 asse?

432 2474 564 2522 rebat
587 2493 636 2522 se
660 2476 720 2522 ad
743 2478 1293 2539 Sanctum-Odomarum
1316 2480 1491 2527 habere
1512 2497 1702 2528 necesse
1733 2497 1844 2546 pro-

433 2551 574 2600 ficisci
599 2589 612 2613 ‚
659 2564 706 2600 et
756 2564 1010 2619 propterea
1055 2555 1317 2603 Hesdiuum
1371 2567 1486 2604 tunc
1533 2559 1691 2605 venire
1736 2573 1843 2605 non

486 2681 525 2719 1.
554 2681 660 2718 Cette
675 2678 803 2728 loyale
821 2679 1000 2717 conduite
1023 2678 1075 2717 du
1098 2679 1386 2718 Grand-batard
1406 2681 1454 2718 de
1471 2683 1702 2734 Bourgogne
1718 2684 1846 2720 n’em-

433 2738 555 2791 pecha
569 2752 636 2790 pas
651 2741 687 2776 le
703 2738 778 2776 duc
794 2738 964 2777 d’entrer
982 2752 1031 2777 en
1050 2752 1222 2791 soupcon
1241 2749 1372 2778 contre
1387 2740 1456 2779 lui.
1475 2741 1705 2791 Commines,
1726 2741 1754 2780 l.
1771 2743 1844 2790 111,

433 2812 467 2839 c,
488 2812 532 2835 11.
