2054 3470
387 305 464 342 186
752 304 1095 343 HISTORIARUM
1119 304 1360 344 LUDOVICI
1385 306 1442 344 XI

386 391 581 454 excidit,
606 393 793 440 vexavit
816 402 863 439 et
890 393 1159 458 populavit,
1186 403 1238 441 ut
1261 404 1556 443 commeatus
1574 411 1802 445 annonae·

385 486 480 533 que
502 471 724 535 penuria,
750 487 851 517 non
885 469 1035 517 modo
1067 470 1180 518 inde
1212 471 1383 519 milites
1417 482 1464 519 et
1501 489 1686 537 regem,
1721 474 1806 522 scd

384 546 560 594 multos
595 549 739 595 etiam
772 564 829 594 ex
860 547 1034 594 accolis
1065 548 1229 612 patriae
1261 548 1490 598 excedere
1527 561 1574 598 et
1612 550 1706 598 alio
1742 551 1806 600 ad

382 622 615 688 pabulum
631 661 644 686 ,
673 641 763 690 pro
784 622 867 670 illo
890 639 1044 683 anno,
1069 624 1411 673 inveniendum
1444 626 1576 674 abire
1606 644 1806 693 compu-

382 702 518 762 lerit,
554 718 667 749 cum
704 701 879 749 famem
907 700 1026 763 illic,
1056 701 1180 750 illius
1214 703 1528 768 expeditionis
1552 705 1804 753 occasione

385 777 624 840 obortam,
650 779 856 826 tolerare
878 795 977 825 non
1003 789 1211 843 possent.
1780 842 1788 848 ι

449 859 699 914 Ουεεευω
725 856 827 903 sine
854 856 1013 903 fructu
1034 856 1262 904 dissoluta
1292 868 1340 905 et
1367 858 1589 925 dissipata
1615 859 1800 921 fuisset,

382 944 541 983 aestate
561 937 811 999 sequente¹
832 935 1113 996 ammiralis,
1140 935 1296 982 dictus
1322 937 1574 985 Bastar-dus
1595 937 1655 985 de
1682 941 1805 985 Bor-

381 1012 558 1071 bonio,
584 1001 696 1067 eum
718 1012 827 1059 satis
852 1028 1000 1077 parva
1029 1029 1177 1059 manu
1203 1013 1465 1078 profligatis
1487 1015 1548 1063 de
1567 1018 1803 1065 Norman-

381 1092 462 1138 nia
497 1089 766 1137 Britonibus
803 1089 914 1154 (qui
949 1106 998 1136 se
1033 1089 1179 1137 totius
1213 1091 1419 1154 regionis
1457 1092 1640 1158 populo
1658 1131 1670 1153 ,
1707 1093 1804 1141 suis

381 1166 737 1233 proditionibus
759 1176 806 1214 et
829 1166 1106 1227 latrociniis,
1126 1183 1296 1214 exosos
1318 1167 1666 1233 reddiderant),
1689 1170 1805 1217 civi-

381 1253 499 1292 tates
519 1254 566 1292 et
586 1243 766 1309 oppida
789 1253 932 1308 atque
949 1259 1104 1304 arces,
1131 1260 1248 1308 quas
1273 1254 1548 1306 tenuerant,
1573 1244 1664 1293 sub
1680 1245 1806 1311 regis

381 1320 615 1369 ditionem
635 1319 770 1368 facile
793 1320 988 1384 redegit.

448 1403 683 1465 Vergente
713 1409 874 1448 autem
891 1409 938 1446 et
954 1399 1374 1465 appropinquante
1390 1398 1453 1447 ad
1469 1399 1706 1447 hiemem’
1725 1399 1807 1462 illa

381 1487 555 1539 aestate,
577 1494 690 1524 cum
711 1477 948 1524 statuisset
967 1493 1047 1524 rex
1066 1475 1194 1524 bello
1215 1487 1262 1524 et
1280 1478 1424 1524 armis
1443 1476 1533 1524 sibi
1554 1476 1807 1525 Britanniae
1852 1539 1863 1542 „

379 1565 528 1604 terras
563 1554 781 1619 subigere
816 1564 959 1619 atque
998 1570 1281 1617 germanum
1314 1570 1456 1600 suum
1489 1553 1586 1600 illic
1619 1552 1807 1603 delites·

380 1642 570 1680 centem
590 1632 694 1696 (qui
717 1648 906 1697 semper
931 1647 1131 1695 magnos
1152 1630 1243 1679 sibi
1264 1631 1462 1679 incussit
1483 1639 1639 1679 metus
1661 1641 1806 1696 atque

381 1708 713 1772 formidinem)
740 1707 831 1756 sub
857 1725 994 1755 suam
1022 1708 1237 1772 redigere
1263 1718 1310 1756 et
1337 1703 1566 1756 reducere
1590 1718 1806 1773 potesta-

381 1797 503 1846 tem,
532 1786 595 1833 ad
617 1786 719 1833 illas
746 1785 1076 1851 pervadendas
1105 1795 1254 1833 terras
1284 1794 1430 1849 atque
1464 1784 1800 1850 occupandas,

379 1879 492 1910 cum
523 1878 696 1926 magna
731 1871 866 1927 parte
898 1878 1092 1909 suarum
1122 1862 1374 1926 copiarum
1405 1858 1574 1908 certos‘
1600 1877 1803 1909 suorum

380 1939 585 1986 militum
616 1939 762 1986 duces
792 1939 1042 2002 delegavit.
1075 1938 1277 1985 Maxime
1305 1937 1435 1984 enim
1463 1936 1525 1984 ad
1557 1935 1652 1984 hoc
1680 1939 1803 2003 regis

379 2016 655 2064 versabatur
678 2017 904 2075 intentio,
937 2025 988 2062 ut
1010 2016 1145 2063 ducis
1172 2015 1422 2062 Britanniae
1454 2015 1628 2062 auxilia
1658 2024 1814 2079 atque·

378 2095 545 2142 solatia
560 2131 572 2154 ,
607 2095 688 2158 qui
718 2094 983 2141 arctissimo
1013 2103 1157 2156 atque
1191 2093 1495 2140 tenacissimo
1532 2092 1720 2141 foederis
1755 2103 1804 2140 et

368 2173 593 2221 ‘amicitiae
617 2188 741 2219 nexu
767 2170 1163 2235 Burgundionum
1190 2170 1302 2217 duci
1326 2169 1649 2234 adglutinatus
1673 2179 1799 2229 erat,

379 2250 468 2298 sibi
499 2249 813 2307 abstraheret,
849 2248 927 2296 vel
965 2265 1076 2295 eum
1108 2248 1155 2295 vi
1191 2257 1238 2294 et
1272 2247 1416 2294 armis
1447 2236 1797 2312 opprimendo,

378 2390 546 2429 tindrent
564 2389 602 2428 le
618 2402 692 2440 roy
711 2396 749 2427 et
766 2387 910 2426 sadicte
926 2387 1056 2426 armee
1073 2386 1326 2438 longuement
1343 2400 1431 2426 sans
1448 2386 1534 2425 rien
1553 2386 1650 2425 faire
1660 2370 1678 2435 3-
1694 2394 1733 2425 et
1750 2388 1812 2426 en'

377 2463 421 2488 ce
442 2449 580 2487 faisant
597 2449 825 2501 mangerent
841 2456 880 2486 et
897 2447 1145 2486 detruisirent
1163 2455 1248 2485 tout
1262 2446 1298 2484 le
1317 2446 1398 2498 plat
1417 2459 1528 2499 pays,
1545 2445 1638 2484 bien
1659 2447 1686 2484 ὰ
1700 2448 1804 2498 vingt

377 2524 424 2548 ou
440 2518 560 2548 trente
579 2512 695 2546 lieues
713 2507 845 2547 dudict
857 2508 937 2546 lieu
953 2507 1007 2547 du
1024 2510 1132 2546 Mans
1151 2515 1189 2546 et
1202 2506 1429 2558 d’Alencon.
1444 2523 1462 2540 n
1477 2506 1623 2548 Chron.
1640 2506 1797 2555 scand.‚

308 2622 322 2625 ἶ
379 2571 436 2607 ad
448 2582 540 2608 ann.
564 2570 684 2609 1467.

433 2630 472 2667 1.
502 2628 739 2666 Aofit1468.

433 2688 473 2728 2.
503 2689 535 2725 Il
558 2687 682 2726 aurait
702 2686 763 2724 ete
782 2686 868 2738 plus
892 2694 1002 2724 exact
1029 2685 1077 2723 de
1106 2693 1241 2724 mettre
1270 2686 1325 2722 ad
1351 2693 1571 2721 autumnum
1585 2712 1597 2731 ,
1617 2697 1684 2723 mr
1707 2685 1801 2722 c’est

380 2759 429 2784 au
457 2746 555 2784 mois
583 2745 631 2784 de
658 2744 875 2798 septembre
901 2758 979 2797 que
1008 2744 1045 2783 le
1071 2745 1128 2782 roi
1152 2745 1194 2782 fit
1221 2744 1277 2783 les
1303 2743 1534 2795 preparatifs
1558 2743 1654 2782 dont
1681 2756 1732 2781 on
1750 2755 1800 2781 va

379 2806 521 2858 parler.
