2054 3470
775 363 919 400 LIBER
946 360 1174 408 QUINTUS.
1605 360 1679 396 425

275 456 397 503 circa
421 471 470 502 se
492 454 669 519 plures,
695 450 867 516 quibus
893 452 963 498 vel
990 452 1135 515 ipsius
1156 449 1466 509 continentia,
1493 465 1597 513 quae
1621 448 1682 495 de

275 548 334 579 eo
356 531 599 579 communi
620 527 924 577 aestimatione
953 526 1232 583 habebatur,
1259 541 1427 590 parum
1451 525 1679 590 placeret,

275 626 334 657 eo
356 609 489 674 quod
511 626 559 656 se
581 607 818 666 lubentius
839 606 1138 669 voluptatum
1161 603 1402 651 ministros
1421 613 1564 665 atque
1587 611 1684 648 tur-

275 685 546 750 pitudinum
570 683 660 732 sibi
688 681 1034 740 exhibuissent,
1065 697 1149 746 spe
1178 688 1380 744 quaestus
1411 688 1458 725 et
1485 678 1604 725 lucri
1630 694 1685 724 ex

280 761 448 809 talibus
466 760 735 808 ministeriis
751 757 976 817 venandi,
997 757 1066 804 uti
1085 756 1213 822 apud
1232 755 1539 820 quamplures
1563 754 1688 818 prin-

278 841 405 905 cipes
428 850 474 886 et
500 849 724 901 tyrannos
750 836 883 883 facile
906 836 1129 883 inveniri¹
1154 834 1296 892 solet,
1318 835 1365 883 ‚si
1402 850 1511 880 eum
1550 832 1686 879 lasci·

277 916 483 963 vientem
500 926 642 980 atque
659 913 896 962 lubricum
916 922 961 959 et
980 912 1184 960 foeminis
1200 910 1559 958 adhinnientem
1579 925 1690 971 cog-

280 993 538 1040 novissent.

345 1070 479 1116 Circa
509 1068 787 1132 religionem
816 1077 916 1113 erat
943 1068 1052 1113 satis
1081 1066 1292 1127 deditus,
1318 1065 1517 1129 diligens
1539 1063 1690 1110 excel-

282 1146 428 1192 lentes
450 1155 686 1205 cantores,
711 1143 1119 1208 quemadmodum
1139 1153 1186 1190 et
1206 1151 1339 1207 pater
1360 1159 1474 1189 suus
1490 1127 1689 1200 ¹fecerat3

285 1222 411 1269 unde
428 1237 615 1286 semper
625 1221 877 1268 honestam
893 1229 940 1266 et
953 1218 1255 1283 magnificam
1271 1218 1503 1285 capellam
1521 1218 1690 1276 tenuit,

284 1308 330 1346 et
351 1316 463 1346 cum
486 1299 581 1345 suis
602 1297 876 1345 cantoribus
898 1298 946 1343 in
970 1306 1110 1356 cantu
1135 1296 1410 1357 delectatuS,
1435 1296 1576 1344 etiam
1599 1297 1694 1362 pri-

289 1376 432 1423 vatim
457 1374 715 1439 aliquando
737 1374 958 1421 cantavit.

349 1452 460 1499 Vini
483 1463 528 1500 et
550 1468 763 1500 escarum
786 1450 975 1498 sobrius
998 1460 1044 1497 et
1067 1458 1336 1516 temperans
1360 1450 1471 1509 fuit3
1499 1450 1563 1496 ita
1584 1465 1695 1514 pro-

288 1530 408 1577 fecto
428 1539 503 1590 ut,
532 1530 593 1589 si,
621 1526 1029 1593 quemadmodum
1051 1529 1185 1575 initio
1208 1528 1477 1589 inchoarat,
1503 1528 1564 1574 ita
1591 1543 1697 1591 per·

216 1608 221 1615 ’
289 1623 501 1654 severare
519 1607 765 1672 potuisset,
790 1606 1053 1669 singularis,
1076 1606 1198 1653 inter
1213 1607 1450 1671 principes
1467 1605 1696 1669 egregios,

292 1700 416 1730 unus
437 1684 597 1731 fuisset
618 1700 718 1730 non
740 1683 911 1746 injuria
932 1683 1298 1747 computandus.
1326 1683 1466 1747 Atqui
1494 1701 1518 1727 «
1544 1679 1700 1729 nescia

294 1777 427 1808 mens
448 1761 681 1821 hominis,
713 1780 735 1803 »
762 1770 815 1838 u't
836 1762 967 1808 Maro
991 1760 1170 1824 inquit,

918 1884 994 1926 fati
1012 1884 1216 1942 sortisque
1233 1883 1400 1938 futurae,

439 1955 529 1998 Nec
548 1970 712 1998 servare
732 1955 910 1998 modum
931 1955 1058 1998 rebus
1079 1955 1242 1998 sublata
1259 1955 1472 2010 secundis,

295 2071 343 2117 in
370 2080 551 2118 tantam
573 2087 685 2118 eum
712 2072 964 2141 elationem
991 2072 1239 2133 extulerat,
1272 2082 1324 2120 ut
1355 2073 1596 2120 neminem
1620 2089 1702 2120 cu-

299 2163 425 2205 rare,
463 2147 536 2194 vel
567 2148 795 2195 aestimare
829 2166 1122 2213 quemquam
1148 2161 1229 2198 aut
1262 2152 1413 2198 vereri
1445 2150 1699 2198 videretur.

301 2223 457 2283 Unde,
493 2224 625 2287 quasi
658 2240 829 2288 parum
858 2225 950 2272 sibi
981 2225 1124 2285 foret,
1162 2228 1200 2273 si
1224 2227 1385 2289 'solum
1416 2230 1705 2274 Francorum

299 2316 458 2362 regem
480 2301 727 2347 inimicum
749 2301 1031 2348 acerrimum
1053 2302 1266 2364 haberet,
1292 2320 1486 2351 omnem
1507 2305 1706 2349 Germa-

301 2376 429 2423 uiam
460 2387 507 2423 et
540 2377 779 2441 principes
811 2377 1046 2440 ejusdem,
1081 2389 1221 2441 atque
1250 2379 1356 2427 illos
1388 2380 1555 2438 etiam,
1594 2388 1707 2425 tunc

302 2451 510 2498 bellandi
531 2453 855 2517 peritissimos,
882 2454 1169 2505 Suitensium
1192 2457 1415 2521 populos,
1431 2455 1581 2520 paulo,
1600 2465 1707 2502 ante

303 2546 470 2576 omnes
490 2529 578 2575 sibi
598 2530 775 2576 amicos
798 2541 843 2577 et
862 2530 1141 2592 benevolos,
1168 2533 1326 2580 hostes
1348 2533 1434 2580 sibi
1457 2531 1708 2579 infensissi-

305 2622 430 2663 mos,
461 2606 634 2652 invitos
661 2606 1021 2669 quodammodo
1048 2625 1103 2656 ac
1127 2619 1418 2669 recusantes,
1444 2609 1483 2656 si
1505 2608 1708 2654 licuisset

308 2681 433 2740 fieri5
452 2683 640 2747 impulit
661 2693 706 2730 et
728 2684 896 2747 coegit.

362 2818 400 2855 1.
430 2819 601 2855 Invenire
620 2818 712 2857 dans
734 2819 770 2857 le
791 2833 860 2859 ωε.
