2054 3470
403 354 477 389 344
762 355 1103 393 HISTORIARUM
1123 327 1367 394 *LUDOVICI
1394 359 1450 394 XI

406 439 586 501 datam,
605 441 746 488 allata
761 443 951 489 Francis
972 443 1154 508 ipsique
1166 445 1480 509 Lotharingiae
1495 446 1607 495 duci
1623 448 1806 497 adforet

361 525 370 535 ·
403 519 753 581 opportunitas,
779 519 910 582 quod
944 536 1042 566 non
1066 537 1171 568 eam
1193 522 1281 568 sibi
1305 532 1454 569 totam
1477 524 1764 588 subegerunt
1791 543 1820 573 :²

401 595 534 658 quod
559 595 726 659 procul
745 595 895 643 dubio
919 607 1034 644 tunc
1057 598 1234 663 absque
1258 617 1431 664 magno
1453 602 1664 664 negotio,
1681 619 1808 650 com-

397 673 531 719 muni
553 674 771 720 omnium
793 674 940 722 ferme
963 676 1291 738 aestimatione‚
1312 678 1497 725 efficere
1521 680 1801 743 potuissent.

394 751 513 800 Satis
544 751 672 797 enim
696 751 788 798 hoc
811 753 1032 799 convinci
1058 763 1245 817 poterat
1279 771 1334 800 ex
1368 755 1584 803 facilitate
1618 773 1711 821 qua
1734 773 1808 805 ca·

396 836 546 873 strum
581 829 938 888 Petrae-Fortis¹‚
975 839 1022 876 et
1062 830 1292 894 oppidula
1324 833 1737 881 Montis-Falconis
1758 844 1806 880 et

397 904 669 950 Dumium-²
695 906 770 952 vel
798 916 1147 970 expugnarunt,
1176 907 1247 954 vel
1275 908 1336 954 ad
1373 908 1669 957 deditionem
1701 927 1806 958 coe-
1835 927 1838 929 “

397 991 582 1044 gerunt.

459 1061 526 1105 Ex
551 1058 640 1107 alia
663 1060 776 1107 item
801 1069 952 1125 parte,
973 1076 1137 1107 versus
1161 1061 1526 1125 Lugdunensem
1551 1073 1599 1110 et
1620 1063 1803 1111 Borbo-

396 1136 608 1183 niensem
642 1137 912 1201 provincias
931 1176 944 1194 ‚
980 1137 1165 1184 validus
1205 1139 1378 1185 militiae
1410 1139 1548 1202 regiae
1573 1142 1804 1188 exercitus

397 1213 715 1276 Burgundiam
753 1214 895 1260 etiam
935 1215 1105 1261 invasit
1121 1252 1133 1274 ‚
1169 1225 1215 1261 et
1263 1215 1398 1262 villas
1433 1225 1576 1279 atque
1614 1219 1805 1266 castella

391 1291 621 1355 plurima³
644 1293 753 1354 igne
769 1331 781 1349 ,
823 1292 947 1339 ferro
973 1302 1020 1340 et
1049 1293 1219 1357 praedis
1248 1293 1541 1358 popularunt
1571 1294 1638 1342 ibi
1653 1332 1667 1355 ,
1694 1313 1804 1350 cum

392 1369 453 1415 ad
486 1369 683 1416 tutelam
705 1370 866 1434 patriae
888 1380 1071 1417 certum
1094 1370 1270 1417 militiae
1299 1388 1393 1418 suae
1415 1388 1671 1419 numerum
1693 1389 1806 1420 cum

391 1444 634 1492 nobilibus
664 1456 710 1492 et
733 1446 906 1493 accolis
929 1456 1080 1505 terrae,
1116 1464 1205 1512 pro
1228 1449 1546 1509 munimento,
1572 1449 1669 1496 dux
1690 1453 1805 1498 Bur—

392 1522 579 1584 gundiae.
621 1524 912 1589 reliquisset,
955 1524 1043 1571 sub
1081 1525 1259 1572 ducatu
1295 1525 1481 1573 domini
1513 1526 1574 1573 de
1608 1529 1802 1590 Russy‘,

393 1598 475 1646 filii
515 1602 701 1648 comitis
740 1602 933 1649 Sancti·
948 1602 1078 1649 Pauli
1132 1603 1246 1667 (qui
1289 1615 1390 1651 erat
1429 1604 1806 1653 constabularius

391 1678 633 1740 Franciae),
661 1696 807 1743 quem
838 1689 885 1726 et
922 1680 1251 1727 marescallum
1277 1690 1323 1726 et
1345 1680 1713 1744 gubernatorem
1739 1682 1805 1730 fe-

391 1764 520 1801 cerat
546 1755 843 1818 Burgundiae.
873 1759 994 1808 Cum
1018 1756 1370 1803 incursantibus
1392 1757 1593 1821 patriam
1616 1759 1806 1805 Francis

390 1833 491 1896 ipse
515 1834 671 1880 minus
690 1833 890 1898 provide
912 1834 973 1881 ad
991 1851 1074 1881 eos
1089 1833 1400 1898 depellendos
1417 1850 1518 1880 sese
1535 1834 1801 1896 objecisset,

391 1909 450 1956 ab
487 1911 554 1957 eis
574 1912 941 1972 circumventus,
981 1912 1110 1959 caesis
1132 1912 1348 1976 plurimis
1372 1911 1432 1958 de
1448 1928 1535 1958 suo
1558 1913 1802 1970 comitatu,

390 1998 556 2052 captus
580 1990 630 2035 in
654 2005 824 2036 eorum
847 2006 1016 2035 manus
1036 1990 1169 2035 vivus
1192 1988 1380 2035 devenit
1396 1991 1426 2034 ⁶.

455 2067 668 2129 Aggressi
700 2067 842 2114 etiam
871 2066 1032 2124 fuere,
1067 2066 1286 2129 proxima
1317 2076 1427 2113 ante
1467 2067 1655 2128 hieme,
1685 2067 1804 2115 dum

390 2152 565 2206 treugae
588 2142 745 2190 adhuc
769 2152 1016 2189 manerent
1045 2143 1169 2189 inter
1191 2145 1399 2190 Francos
1423 2154 1471 2191 et
1496 2145 1803 2208 Burgundioe

444 2308 482 2343 1.
517 2321 535 2339 α
568 2305 754 2344 Raserent
784 2317 860 2343 une
893 2304 1001 2356 place
1013 2335 1023 2353 ,
1056 2305 1218 2357 appelee
1247 2306 1477 2354 Pierrefort,
1510 2306 1628 2344 assise
1653 2309 1676 2345 a
1701 2307 1805 2346 deux

387 2365 508 2403 lieues
531 2364 579 2403 de
604 2367 751 2415 Nancy,
770 2364 839 2415 qui
862 2365 974 2402 estoit
992 2364 1040 2403 de
1060 2365 1096 2403 la
1121 2364 1246 2403 duche'
1265 2365 1313 2403 de
1330 2365 1617 2417 Luxembourg.
1637 2381 1656 2400 a
1675 2369 1803 2414 (Com-

390 2425 528 2472 mines,
544 2424 572 2461 l.
588 2426 655 2471 IV,
670 2437 700 2462 c.
716 2427 780 2474 11.)
797 2426 895 2462 C'est
914 2424 1092 2473 Pierfort,
1110 2424 1356 2473 aujourd’hui
1376 2424 1470 2463 dans
1489 2424 1525 2462 le
1541 2423 1807 2476 departement

389 2484 438 2523 de
453 2484 492 2523 la
509 2480 713 2524 Meurtheq

444 2546 482 2581 2.
514 2542 998 2594 Montfaucon-d'Argonne
1016 2552 1055 2581 et
1070 2543 1319 2589 Damvillers,
1339 2542 1585 2592 aujourd'hui
1600 2543 1696 2583 dans
1713 2545 1804 2584 l’ar-

391 2602 672 2658 ron'dissement
683 2602 737 2641 vde
755 2603 993 2654 Montmedy.

443 2663 481 2702 3.
511 2665 571 2700 On
600 2662 674 2700 cite
700 2661 795 2700 dans
826 2675 879 2700 un
909 2661 1094 2700 memoire
1116 2661 1169 2699 du
1191 2670 1313 2713 temps
1339 2662 1669 2711 Bar-sur-Seine,
1700 2664 1805 2704 Cha-

388 2721 496 2760 tillon
515 2730 554 2760 et
571 2721 814 2773 Champlitte.
832 2721 992 2772 Lenglet
1019 2721 1253 2771 Dufresnoy,
1275 2723 1494 2769 commines,
1514 2731 1541 2760 t.
1559 2726 1630 2770 111,
1647 2721 1691 2775 pss
1709 2725 1800 2762 321.

444 2783 483 2819 4.
514 2781 679 2819 Antoine
700 2780 748 2819 de
766 2780 1054 2831 Luxembourg,
1074 2788 1197 2818 oomte
1219 2779 1268 2818 de
1287 2780 1451 2819 Brienne
1472 2790 1510 2819 et
1530 2781 1579 2820 de
1599 2785 1746 2833 Roucy.

445 2843 480 2880 5.
514 2841 673 2879 Combat
692 2840 740 2879 de
759 2840 875 2892 Gspy,
896 2841 983 2891 pres
1005 2839 1053 2878 de
1073 2839 1431 2901 Chateau-Chincp,
1453 2840 1488 2878 le
1508 2842 1559 2879 20
1578 2841 1664 2888 juin
1681 2842 1799 2879 ¹⁴75.

2046 2897 2054 3092 --.ΗΜ-ᾳ.
