2054 3470
461 336 538 372 212
821 336 1164 374 HISTORIARUM
1193 337 1430 375 LUDOVICI
1456 338 1513 374 XI

459 426 672 486 stinctuS,
701 434 754 472 ut
776 425 919 488 vulgo
943 425 1196 487 serebatur,
1225 425 1380 492 periit.
1407 424 1551 483 Quod
1574 425 1708 489 cujus
1726 442 1873 491 opera

458 507 703 567 patratum
738 502 900 564 fuerit,
939 503 1102 552 divino
1139 503 1361 551 duximus
1400 503 1767 568 relinquendum
1793 503 1872 567 ju-

458 579 602 627 dicio.

523 661 727 706 Detruso
744 669 904 706 autem
920 659 967 705 in
984 674 1223 705 carcerem
1239 658 1434 723 praefato
1448 658 1688 706 cardinale
1705 657 1869 719 Balue,

457 737 563 800 qui,
592 753 681 784 nec
713 737 897 801 generis
930 736 1198 798 nobilitate,
1234 753 1324 783 nec
1355 737 1625 783 litteraturae
1647 744 1873 801 praestan-

455 814 557 874 tia¹,
598 830 687 861 nec
727 814 963 879 probitate
1000 823 1047 860 et
1083 813 1478 861 commendabilis
1516 814 1622 861 vitae
1663 812 1869 871 meritis,

455 889 682 950 honores,
709 890 769 938 ad
793 907 914 954 quos
938 899 1127 938 evectus
1153 907 1182 937 a
1205 892 1430 953 magistro
1455 908 1542 938 suo
1569 907 1677 954 rege
1701 890 1868 951 fuerat,

455 969 796 1033 conquisierat,
831 968 914 1015 sed
943 968 1066 1015 dolis
1094 978 1141 1015 et
1157 969 1325 1033 pravis
1353 968 1531 1016 artibus
1559 968 1874 1032 obscenisque

455 1056 502 1092 et
536 1045 792 1093 infamibus
826 1045 1178 1092 lenociniorum
1212 1046 1482 1093 ministeriis
1517 1062 1599 1093 eos
1626 1054 1873 1093 assecutus

455 1123 599 1188 vulgo
631 1123 891 1184 serebatur,
926 1140 988 1171 ne
1021 1123 1140 1170 forte
1175 1123 1222 1169 in
1265 1124 1337 1169 sui
1371 1132 1702 1187 contemptum
1731 1132 1873 1186 atque

454 1202 675 1265 injuriam
693 1201 742 1247 id
764 1201 938 1248 factum
957 1202 1184 1248 exstitisse
1203 1199 1598 1263 Burgundionum
1613 1199 1709 1245 dux
1726 1199 1874 1264 suspi-

455 1289 660 1339 caretur,
687 1279 814 1326 misit
834 1296 916 1326 rex
939 1279 1002 1326 ad
1025 1296 1134 1326 eum
1159 1295 1270 1325 suos
1294 1288 1525 1338 oratoreS,
1551 1277 1632 1340 qui
1654 1293 1738 1341 per
1756 1277 1875 1324 anti-

454 1356 800 1423 prosphoram²
826 1355 1105 1419 hujusmodi
1143 1356 1461 1420 suspicionem
1486 1355 1618 1417 (cum
1643 1353 1704 1400 de
1728 1354 1876 1418 ipsius

457 1434 839 1499 apprehensione
865 1434 964 1497 ipse
988 1432 1085 1480 dux
1108 1433 1305 1479 minime
1328 1442 1408 1479 aut
1435 1431 1678 1478 modicum
1707 1431 1875 1478 anxius

458 1512 604 1576 esset)
638 1513 904 1559 niterentur
930 1527 1223 1576 expurgare:
1258 1520 1517 1558 asserentes
1544 1510 1592 1556 in
1622 1509 1737 1556 dolo
1774 1526 1872 1556 non

458 1590 531 1636 sui
554 1606 696 1637 causa
729 1590 803 1636 vel
827 1598 1044 1654 respectu
1077 1588 1249 1636 factam
1284 1588 1384 1652 ejus
1416 1586 1872 1653 apprehensionem,

457 1666 542 1713 sed
565 1665 630 1714 ob
652 1666 859 1731 plurima
884 1666 1086 1712 crimina
1110 1666 1288 1712 atrocia
1310 1664 1483 1728 quibus
1511 1674 1679 1710 contra
1707 1662 1876 1726 majes-

457 1753 605 1791 tatem
637 1744 816 1806 regiam
854 1744 1075 1789 inventus
1109 1751 1230 1789 esset
1261 1741 1531 1805 deliquisse.
1571 1742 1687 1798 Quae
1714 1749 1876 1786 autem

458 1821 738 1884 hujusmodi
759 1820 961 1867 crimina
978 1819 1152 1879 forent,
1173 1836 1283 1866 cum
1306 1819 1406 1882 ipse
1428 1817 1525 1864 dux
1547 1816 1608 1864 ab
1631 1816 1698 1863 eis
1719 1815 1876 1863 scisci-

459 1907 654 1958 taretur,
675 1914 779 1962 quae
799 1907 939 1944 tantae
961 1895 1302 1959 indignationis
1321 1894 1624 1941 acerbitatem
1643 1909 1877 1940 mereren-

462 1985 538 2022 tur
557 1976 606 2022 in
629 1976 878 2023 hominem
897 1974 987 2022 sibi
1002 1974 1147 2039 paulo
1165 1983 1274 2020 ante
1293 1983 1391 2019 tam
1421 1971 1647 2035 singulari
1671 1971 1878 2018 amicitia

463 2053 801 2116 conjunctum,
841 2052 958 2098 scire
988 2068 1087 2098 non
1117 2050 1298 2115 potuit,
1334 2065 1422 2096 nec
1454 2065 1618 2095 revera
1649 2046 1879 2095 hactenus

462 2132 574 2178 satis
599 2131 740 2178 alicui
761 2129 1000 2177 credimus
1021 2129 1320 2193 exploratum
1342 2126 1528 2184 haberi,
1553 2126 1663 2172 licet
1684 2125 1878 2190 praefato

463 2210 690 2275 episcopo
726 2189 1058 2264 Virdunensi‚,
1079 2206 1163 2270 qui
1195 2215 1292 2251 tam
1327 2204 1435 2265 diu,
1471 2213 1704 2268 quantum
1736 2217 1878 2267 supra

464 2287 735 2347 retulimUS,
771 2286 820 2332 in
848 2284 1063 2332 custodia
1090 2294 1303 2332 servatus
1330 2292 1422 2339 est,
1451 2282 1510 2328 sit
1533 2282 1583 2328 in
1606 2281 1879 2328 incarcera-

464 2366 595 2413 tione
617 2380 821 2411 coaevus.

530 2441 676 2490 Multa
704 2450 862 2488 tamen
889 2440 1030 2502 vulgo
1051 2438 1111 2485 de
1134 2454 1193 2485 eo
1217 2438 1419 2484 crimina
1435 2434 1739 2500 jactabantur
1759 2435 1881 2497 (erat

465 2521 592 2568 enim
614 2534 748 2584 paene
769 2515 993 2563 omnibus
1008 2515 1151 2579 *regni
1175 2514 1358 2574 incolis,
1387 2521 1584 2578 propter
1606 2511 1880 2577 superbiam

516 2673 554 2708 1.
584 2669 617 2708 Il
647 2668 738 2707 etait
764 2667 823 2706 fils
853 2665 946 2705 d'un
976 2666 1128 2704 tailleur
1154 2678 1206 2703 ou
1230 2663 1324 2702 d'un
1352 2662 1528 2701 meunier
1555 2661 1604 2701 de
1632 2660 1812 2714 l’Angle,
1831 2672 1880 2698 en

462 2729 621 2778 Poitou‚
643 2738 682 2768 et
701 2728 844 2778 savait‚
867 2727 938 2765 dit·
947 2739 1018 2774 on,
1041 2728 1063 2763 a
1086 2724 1199 2777 peine
1219 2724 1288 2762 lire
1308 2736 1378 2762 son
1399 2723 1611 2762 Breviaire.

512 2794 551 2830 2.
582 2791 880 2842 Antipoplzoram
907 2788 1002 2827 dans
1025 2788 1061 2825 le
1083 2800 1154 2825 ms.
1184 2788 1322 2824 Terme
1356 2785 1405 2823 de
1435 2784 1659 2835 rhetor-ique
1683 2783 1750 2834 qui
1777 2795 1800 2820 a
1829 2793 1879 2819 en

459 2866 548 2905 grec
573 2852 610 2890 la
634 2852 771 2890 valeur
794 2850 847 2888 du
867 2849 960 2887 latin
978 2850 1274 2897 anteoccupatio.
