2054 3470
416 341 494 376 224
775 341 1117 379 HISTORIARUM
1145 342 1384 380 LUDOVICI
1410 343 1467 380 XI

414 428 679 476 faciendam
712 428 1006 476 elaboratum
1042 430 1237 487 exstitit,
1276 430 1408 494 quod
1441 430 1501 477 ad
1534 447 1641 477 eam
1676 431 1828 496 pacis—

413 506 644 568 cendam,
672 507 768 552 tam
789 506 890 571 ipsa
921 523 1065 571 quam
1100 508 1201 571 ejus
1231 507 1376 567 filius,
1405 506 1599 554 adducti
1624 517 1759 568 sunt,
1781 517 1829 554 et

413 601 551 631 suum
601 585 918 649 praestiterunt
969 601 1229 632 assensum.
1283 588 1386 631 Hoc
1437 585 1580 631 etiam
1633 584 1794 631 medio
1811 621 1824 645 ,

412 661 589 726 nuptiae
624 661 857 726 copulatae
889 672 1001 708 sunt
1037 662 1159 709 inter
1199 661 1514 723 Edoardum¹,
1554 662 1747 727 Henrici
1782 670 1828 708 et

411 736 612 800 praefatae
634 738 805 800 reginae
831 737 980 784 filiurn
995 774 1007 797 ‚
1035 747 1082 784 et
1101 737 1244 785 filiam
1269 738 1490 785 alteram²
1509 737 1723 801 ejusdem
1745 754 1828 784 co-

411 814 537 860 mitis
568 814 628 860 de
656 819 722 862 W
724 815 905 876 arvick,
933 831 1196 879 omnesque
1230 815 1514 863 condonatae
1535 826 1581 862 et
1608 815 1828 863 obductae

410 901 617 950 veteres,
647 902 1043 956 quantaecumque
1077 893 1442 957 praecessissent,
1482 894 1680 957 injuriae.
1714 895 1827 939 Pro-

412 970 539 1016 misit
571 980 731 1017 autem
762 970 918 1017 eidem
957 972 1129 1034 reginae
1150 970 1278 1016 idem
1305 971 1529 1018 Warvick
1549 972 1596 1018 in
1619 970 1755 1018 brevi
1778 987 1827 1017 se

411 1047 511 1109 ejus
549 1048 800 1107 maritum,
837 1048 1096 1094 Heni-icum
1116 1064 1301 1109 regem,
1330 1047 1615 1094 educturum
1643 1047 1704 1095 de
1725 1063 1827 1094 car-

410 1140 543 1182 cere,
580 1124 628 1169 in
660 1141 757 1188 quo
779 1125 879 1188 jam
904 1124 1049 1188 longo
1072 1124 1623 1188 temporffextabuisset,
1646 1125 1826 1189 ipsum-

410 1219 503 1266 que
522 1203 569 1248 in
595 1219 795 1265 regnum
814 1220 955 1249 suum
977 1203 1320 1260 restituturum,
1349 1202 1496 1248 modo
1523 1202 1644 1248 bene
1661 1201 1826 1266 coeptis

410 1280 505 1326 suis
528 1280 764 1327 faventem
788 1283 946 1326 Deum
969 1290 1111 1343 atque
1134 1281 1393 1344 propitium
1415 1280 1507 1342 (uti
1527 1280 1706 1344 optime
1722 1295 1824 1343 spe-

410 1357 565 1421 rabat)
590 1359 840 1405 inveniret.

473 1438 596 1482 Cum
636 1446 796 1484 autem
837 1436 936 1482 haec
968 1436 1093 1482 inter
1128 1439 1419 1481 Francorum
1454 1450 1613 1497 regem
1636 1443 1684 1480 et
1707 1450 1825 1498 prae-

409 1513 563 1560 dictos
585 1513 926 1572 factitarentur,
954 1513 1097 1560 etiam
1120 1512 1249 1560 aliud
1272 1511 1519 1575 quoddam
1544 1511 1826 1559 sceleratum

408 1592 572 1653 utique
625 1601 673 1638 et
723 1593 822 1638 non
874 1607 1043 1655 parum
1085 1591 1368 1654 injuriosum
1403 1589 1618 1649 emersit,
1659 1599 1826 1636 contra

407 1669 644 1732 quosdam
676 1685 910 1733 pauperes
937 1678 1106 1715 nautas
1140 1667 1419 1715 Hollandiae.
1445 1668 1564 1716 Nam
1583 1683 1693 1713 cum
1715 1666 1826 1714 satis

407 1747 493 1792 diu
516 1757 626 1793 ante
648 1749 918 1810 Sequanam
936 1762 1048 1792 cum
1067 1746 1161 1792 suis
1180 1745 1397 1804 navibUS,
1426 1743 1659 1791 onerandi
1676 1743 1824 1806 gratia

407 1834 550 1887 atque
590 1823 859 1871 advehendi
894 1823 1156 1882 frumenta,
1195 1823 1495 1869 intravissent
1520 1832 1566 1868 et
1589 1837 1667 1868 eas
1693 1820 1823 1884 apud

409 1900 762 1963 Rothomagum
777 1937 791 1960 ,
818 1901 1123 1965 coemptione
1148 1899 1208 1945 ab
1237 1898 1367 1945 urbis
1389 1908 1436 1945 et
1458 1898 1619 1963 patriae
1640 1913 1821 1944 merca-

406 1977 591 2024 toribus
626 1978 770 2038 facta,
806 1986 1080 2024 onerassent
1098 2011 1110 2033 ‚
1142 1976 1259 2022 dum
1282 1992 1309 2022 e
1332 1975 1529 2021 flumine
1553 1975 1678 2021 exire
1700 1983 1822 2021 sata-

407 2065 593 2118 gerent,
621 2071 648 2100 a
669 2053 948 2101 satellitibus
980 2053 1157 2118 praefati
1181 2052 1347 2117 perfidi
1371 2052 1430 2099 de
1449 2051 1678 2099 Warviclz
1698 2051 1822 2116 pira-

407 2134 550 2180 ticam
585 2131 886 2191 facientibus,
912 2132 962 2178 in
987 2132 1133 2196 ipsius
1158 2131 1365 2177 fluminis
1388 2130 1570 2191 limine,
1591 2128 1675 2175 ubi
1692 2144 1822 2175 mare

407 2210 590 2271 influit,
613 2210 738 2273 capti
762 2209 977 2270 fuerunt,
1004 2225 1269 2272 eorumque
1303 2217 1351 2254 et
1385 2223 1566 2254 merces
1600 2217 1645 2253 et
1676 2222 1821 2263 naves

407 2287 455 2333 in
479 2286 592 2351 ripis
619 2288 849 2349 Sequanae
872 2285 1073 2331 venditae
1097 2295 1143 2331 et
1165 2285 1412 2331 distractae.
1447 2286 1551 2341 Qua
1583 2299 1695 2329 cum
1716 2299 1819 2329 sus-

407 2374 544 2428 cepta
576 2365 774 2427 injuria,
802 2365 971 2410 iterum
998 2362 1241 2427 querulosi
1259 2379 1313 2409 ac
1337 2371 1576 2425 gementes
1597 2370 1644 2407 et
1667 2361 1821 2406 tristes

409 2442 466 2488 ad
503 2440 752 2488 dominum
775 2458 915 2486 suum
931 2478 941 2498 ,
973 2440 1368 2503 Burgundionum
1386 2439 1582 2498 ducem,
1612 2437 1819 2484 revenis-

464 2603 499 2637 1.
531 2598 563 2636 Il
586 2597 724 2649 portait
744 2596 779 2634 le
799 2597 885 2634 titre
903 2596 951 2634 de
970 2596 1101 2647 prince
1121 2595 1168 2634 de
1191 2594 1340 2641 Galles,
1364 2606 1513 2631 comme
1536 2593 1700 2631 l'auteur
1719 2592 1819 2630 l’ex-

409 2658 581 2709 pliqucra
599 2657 686 2708 plus
704 2656 798 2694 loin.

461 2721 498 2757 2.
530 2720 684 2756 L’autre
712 2717 801 2755 etait
829 2717 915 2764 deja
942 2716 1085 2754 mariee
1106 2728 1154 2753 au
1177 2714 1251 2752 duc
1271 2714 1317 2753 de
1340 2714 1541 2762 Clarence,
1568 2713 1668 2750 frere
1689 2711 1742 2749 du
1761 2711 1819 2748 roi

407 2771 610 2824 Edouard,
636 2776 703 2827 qui
723 2785 779 2814 est
803 2775 1022 2813 mentionne
1045 2775 1131 2826 plus
1156 2773 1248 2812 haut
1272 2786 1421 2811 comme
1440 2774 1576 2810 s'etant
1601 2772 1747 2823 re'fugie
1770 2783 1819 2808 en

409 2841 554 2876 France
572 2849 666 2875 avec
688 2836 723 2874 le
742 2844 866 2873 comte
885 2834 933 2872 de
951 2835 1151 2873 Warwick.
