2054 3470
438 325 513 360 ΗΞ
808 323 1150 360 HISTORIARUM
1172 323 1408 366 LUDOVICI
1436 326 1492 362 XI

435 411 684 459 salubriter
700 410 1018 459 ‘admonentes
1039 411 1191 475 patria
1218 421 1265 458 et
1291 429 1438 475 regno
1461 412 1636 478 pellere
1651 452 1664 475 ‚
1702 414 1843 464 bonis

434 504 491 534 ac
515 489 812 552 patrimoniis
842 488 1046 553 spoliare
1063 525 1075 547 ,
1107 505 1190 534 seu
1219 489 1361 535 etiam
1386 490 1628 555 suppliciis
1655 485 1844 542 afficere

433 577 576 631 atque
602 568 649 613 in
681 583 763 614 eos
798 566 961 613 saevire
995 584 1006 612 ι
1049 566 1154 629 quis
1190 582 1360 612 sanum
1397 555 1584 631 sapiens
1612 567 1783 617 dixerit
1815 587 1844 619 a

433 644 707 692 cohibendo
730 654 830 691 tam
861 643 1129 703 insolentis,
1158 660 1255 690 non
1283 644 1429 707 regis,
1458 644 1540 691 sed
1562 645 1842 710 iniquissimi

433 723 594 787 potius
641 722 828 785 tyranni
874 731 920 767 et
959 721 1293 767 cruentissimae
1326 720 1514 781 bestiae,
1558 723 1762 787 impetus
1794 734 1843 771 et

433 800 613 847 rabiem
647 808 888 861 magnates
911 808 958 845 et
991 815 1212 862 proceres
1244 800 1404 862 regni,
1433 801 1530 846 imo
1553 818 1747 848 omnem
1770 803 1841 849 vi-

432 894 540 923 rum
562 876 744 923 bonum
769 885 814 922 et
837 876 1027 938 justitiae
1050 876 1328 937 zelatorem,
1360 893 1460 924 sese
1483 877 1658 925 debere
1679 879 1841 926 conti-

432 970 564 1014 nere,
590 963 636 999 et
660 953 895 999 abstinere
917 969 945 999 a
966 952 1186 999 remediis
1211 953 1616 1017 quibuscumque,
1651 971 1756 1018 quae
1778 954 1840 1002 ad

431 1030 525 1076 hoc
561 1046 698 1094 posse
730 1029 963 1094 proficere
993 1029 1336 1076 rationabiliter
1366 1030 1584 1077 aestimari
1617 1032 1800 1095 possint
1821 1068 1835 1091 ‚

431 1108 725 1171 inquirendis
744 1143 757 1166 ,
794 1107 1107 1172 procurandis
1152 1117 1199 1154 et
1237 1108 1580 1171 prosequendis
1602 1146 1614 1169 ,
1657 1125 1747 1156 nec
1788 1126 1839 1156 se

431 1202 676 1249 opponere
698 1202 888 1231 murum
914 1185 1200 1231 defensionis
1225 1201 1313 1249 pro
1337 1185 1486 1232 domo
1512 1185 1687 1232 lsrael?

498 1266 600 1309 Non
620 1261 791 1326 probat
814 1265 966 1322 Deus,
1005 1263 1053 1308 in
1079 1272 1214 1308 tanto
1233 1262 1505 1308 discrimine
1526 1272 1574 1308 et
1593 1271 1837 1310 tantorum

430 1340 633 1386 colluvie
651 1340 876 1386 vitiorum
907 1348 953 1385 et
983 1339 1220 1385 malorum
1239 1375 1250 1395 ,
1284 1348 1335 1385 ut
1357 1338 1592 1397 remedia,
1625 1356 1730 1403 quae
1747 1339 1838 1387 hu·

429 1418 637 1463 manitus
662 1417 818 1463 afferri
842 1425 1068 1480 possunt,
1095 1426 1291 1480 torpore
1313 1426 1457 1480 atque
1482 1417 1669 1480 ignavia
1691 1418 1838 1480 negli-

429 1506 616 1558 gentes,
648 1495 747 1558 ejus
780 1494 1041 1559 potentiam
1071 1503 1212 1557 atque
1242 1494 1467 1558 pietatem
1501 1505 1761 1556 tentemus,
1793 1506 1840 1543 et

428 1590 562 1630 cum,
589 1589 722 1619 more
745 1572 985 1628 humano,
1013 1571 1302 1630 remedium,
1331 1587 1447 1625 cum,
1464 1571 1552 1618 Dei
1574 1571 1835 1635 adjutorio,

426 1667 687 1714 apponere,
699 1649 885 1713 agendo
893 1659 939 1695 et
953 1648 1238 1707 laborando,
1252 1665 1522 1713 possumus.
1532 1651 1650 1696 Vera
1660 1649 1839 1715 quippe

426 1737 496 1774 est
516 1727 661 1773 Marci
683 1727 874 1773 Catonis
893 1726 1166 1789 gravissima
1187 1725 1267 1772 illa
1288 1726 1522 1773 sententia
1549 1743 1560 1771 :
1591 1746 1615 1770 «
1636 1743 1735 1773 non
1756 1743 1838 1774 vo-

427 1804 486 1850 tis
512 1819 668 1866 neque
697 1802 939 1867 suppliciis
962 1801 1274 1848 muliebribus
1306 1802 1478 1849 auxilia
1508 1801 1711 1849 deorum
1751 1818 1836 1867 pa-

426 1890 615 1939 ramni-3
641 1878 900 1942 vigilando,
926 1877 1132 1942 agendo,
1150 1877 1275 1924 bene
1291 1876 1588 1924 consulendo
1607 1893 1837 1942 prospera

426 1957 587 2002 omnia
619 1955 811 2002 cedunt.
850 1954 940 2000 Ubi
970 1953 1199 2000 socordiae
1221 1963 1364 2015 atque
1385 1953 1582 2015 ignaviae
1612 1964 1658 2001 te
1689 1956 1835 2002 tradi-

425 2033 576 2093 deris,
617 2032 945 2096 nequidquam
982 2031 1098 2077 deos
1130 2031 1355 2095 implores
1391 2049 1401 2077 ε
1440 2031 1547 2078 irati
1582 2032 1836 2097 infestique

425 2121 585 2157 sunt.»
606 2109 750 2167 Quod
769 2119 816 2156 et
834 2125 966 2156 sacer
984 2108 1155 2154 cecinit
1174 2107 1385 2154 Psalmus
1413 2127 1422 2154 :
1457 2129 1478 2151 ι(
1500 2111 1552 2154 ln
1577 2109 1669 2156 deo
1693 2109 1834 2157 facie·
1864 2168 1867 2173 ἱ

426 2205 531 2235 mus
552 2188 798 2246 virtutem,
827 2196 874 2232 et
897 2187 996 2250 ipse
1019 2185 1081 2232 ad
1102 2185 1305 2231 nihilum
1329 2185 1535 2233 deducet
1556 2186 1833 2234 tribulantes

423 2281 529 2312 nos.
553 2285 575 2308 n
598 2267 743 2329 Spem
765 2264 892 2310 enim
916 2279 1111 2309 omnem
1141 2261 1304 2308 fideles
1325 2263 1373 2308 in
1399 2265 1553 2310 Deum
1576 2264 1832 2328 projicien-

423 2352 519 2399 tes,
544 2342 676 2405 quod
701 2342 748 2387 in
774 2357 823 2387 se
845 2349 937 2399 est,
966 2349 1012 2386 et
1043 2339 1175 2403 quod
1200 2340 1266 2386 eis
1292 2356 1429 2404 posse
1454 2340 1653 2387 donavit
1675 2343 1828 2396 Deus,

423 2435 560 2482 agere
583 2428 630 2464 et
649 2417 839 2481 aggredi
862 2416 1053 2474 debent,
1081 2432 1179 2462 non
1202 2416 1430 2481 praecipiti
1452 2433 1608 2480 neque
1631 2426 1832 2464 temera-

422 2496 495 2542 rio
512 2533 523 2553 ‚
558 2495 641 2542 sed
663 2504 897 2558 quantum
922 2510 1083 2540 rerum
1105 2492 1318 2539 conditio
1342 2493 1615 2557 permittere
1639 2503 1794 2558 potest
1815 2532 1827 2552 ‚

422 2582 610 2620 maturo
623 2572 901 2634 digestoque
917 2570 1136 2616 consilio.
1150 2568 1241 2615 Ubi
1258 2578 1431 2630 autem,
1449 2586 1583 2616 more
1595 2569 1827 2630 humano,

421 2650 691 2696 imminenti
706 2649 847 2696 exitio
862 2664 916 2694 ac
934 2646 1229 2693 tribulationi
1247 2663 1496 2693 occurrere
1517 2657 1563 2694 et
1579 2647 1830 2712 providere

421 2744 521 2774 non
557 2717 810 2791 possumus
845 2725 992 2789 (tunc
1030 2724 1225 2788 quidem
1259 2741 1370 2771 cum
1403 2727 1680 2789 ignoramus
1711 2725 1827 2790 quid

422 2821 559 2868 agere
575 2803 873 2865 debeamus),
900 2802 993 2848 hoc
1010 2802 1164 2848 solum
1184 2801 1417 2848 habemus
1441 2802 1618 2850 residui
1639 2813 1692 2849 ut
1713 2818 1826 2850 ocu·

2025 3200 2054 3470 mm*
