2054 3470
418 350 493 388 364
781 353 1124 391 HISTORIARUM
1152 355 1389 394 LUDOVICI
1414 357 1471 395 XI

415 439 512 487 lato
534 449 681 502 metu,
705 439 964 505 plurimum
987 451 1033 489 et
1055 443 1201 490 animi
1229 453 1274 490 et
1297 443 1482 493 fiduciae
1511 445 1645 494 facile
1668 450 1830 514 oppri-

417 517 579 564 mendi
607 518 1002 582 Burgundionum
1027 519 1200 567 ducem
1220 523 1517 570 accrescebat
1536 527 1828 573 Francorum

417 594 553 658 regi),
577 595 767 643 difficile
791 596 1205 662 periculosumque
1224 600 1363 647 valde
1386 601 1498 648 duci
1521 602 1699 662 fuisset,
1724 603 1827 651 tali-

415 671 505 718 bus
521 672 704 719 auxiliis
725 673 967 734 destituto,
992 674 1053 721 de
1074 674 1247 739 quibus
1272 678 1478 725 maxime
1503 694 1691 744 semper
1714 696 1828 727 con-

415 747 527 796 fisus
560 749 700 797 fuisse
720 749 970 797 videbatur
990 788 1002 811 ‚
1028 752 1150 798 vires
1172 762 1217 799 et
1238 755 1503 818 potentiam
1529 756 1659 818 regni
1688 759 1828 804 Fran-

410 835 582 874 corum
614 828 869 874 adversum
905 845 955 874 se
988 830 1219 876 sustinere
1248 848 1259 875 z
1293 833 1551 896 praesertim
1594 850 1703 880 cum
1739 850 1828 880 nec

416 903 556 950 ducis
582 904 853 962 Britanniae,
893 905 977 969 qui
1009 905 1108 968 jam
1139 917 1338 970 perante
1377 909 1466 955 sub
1504 911 1679 973 treugis
1716 927 1828 957 cum

415 996 523 1042 rege
543 980 766 1039 vivebat¹,
788 997 876 1028 nec
897 981 1120 1041 aliorum,
1140 999 1263 1046 quos
1287 983 1374 1031 sibi
1400 986 1446 1032 in
1471 1002 1618 1049 regno
1641 987 1827 1034 occulte

416 1058 670 1106 foederatos
694 1059 927 1120 habebat,
959 1060 1135 1108 auxilio
1162 1061 1338 1110 debere
1375 1064 1610 1111 consolari
1635 1082 1825 1130 sperare

414 1145 601 1199 posset,
636 1147 683 1183 et
704 1136 865 1184 hostes
899 1137 1239 1185 infensissimos
1271 1156 1300 1186 a
1332 1149 1465 1204 tergo
1491 1140 1691 1188 haberet
1719 1143 1826 1190 Sui·

414 1213 619 1259 tensium
646 1213 879 1278 populos,
907 1231 1017 1261 cum
1041 1215 1201 1262 multis
1226 1217 1327 1264 aliis
1356 1217 1652 1284 principibus
1674 1229 1722 1267 et
1743 1237 1825 1268 co-

414 1288 823 1354 m[mun]itatibus
844 1293 1108 1339 Germaniae
1123 1329 1134 1351 ,
1161 1294 1340 1340 eisdem
1363 1295 1424 1341 ad
1451 1295 1826 1361 opprimendum

414 1376 477 1426 et,
503 1368 542 1414 si
563 1379 774 1432 possent,
799 1370 1195 1432 exstinguendum
1227 1373 1622 1436 Burgundionum
1645 1390 1826 1422 nomen

413 1445 650 1493 foederatis
672 1457 719 1493 et
738 1446 986 1510 colligatis.

478 1524 805 1570 Necessarium
830 1524 988 1588 itaque
1015 1524 1379 1588 quodammodo
1405 1538 1507 1575 erat
1535 1528 1646 1576 duci
1681 1527 1826 1576 absti-

412 1599 626 1646 nentiam
657 1599 770 1647 belli
791 1617 903 1647 cum
920 1605 1212 1649 Francorum
1240 1620 1348 1667 rege
1373 1605 1510 1652 inire.
1537 1608 1595 1652 Et
1631 1603 1826 1654 faculta-

411 1685 509 1722 tem
534 1677 730 1740 quidem
762 1694 817 1724 ea
839 1678 1081 1742 potiundi,
1109 1681 1147 1726 si
1175 1680 1316 1728 vellet
1335 1718 1348 1739 ‚
1376 1681 1637 1746 Anglorum
1666 1699 1744 1730 rex
1774 1684 1824 1731 in

412 1755 561 1817 pactis
589 1755 685 1802 suis
713 1755 802 1802 sibi
833 1767 1118 1816 reservarat;
1147 1774 1200 1805 ex
1225 1775 1323 1822 quo
1347 1761 1474 1805 tum’
1496 1776 1603 1807 eam
1628 1760 1716 1807 sibi
1739 1777 1825 1825 po-

411 1833 498 1878 tuit
525 1831 704 1879 facilius
727 1849 755 1879 a
777 1834 967 1880 Francis
993 1834 1226 1882 obtinere.
1257 1839 1431 1883 Verum
1453 1853 1566 1884 cum
1587 1853 1677 1901 pro
1697 1853 1753 1884 ea
1773 1854 1825 1884 re

409 1906 589 1970 legatos
606 1909 664 1956 ad
683 1913 975 1957 Francorum
989 1928 1149 1975 regem
1168 1912 1462 1971 destinasset,
1479 1914 1661 1960 curavit
1681 1913 1823 1960 etiam

410 1998 462 2034 ut
483 1998 658 2054 treugoe
687 1990 856 2038 fiendae
881 1992 1138 2039 utilitatem
1162 1991 1251 2038 sibi
1288 1992 1535 2050 afferrent,
1560 2003 1608 2040 et
1638 1994 1824 2058 specia-

408 2066 532 2114 libus
566 2068 750 2131 legibus
781 2087 856 2116 res
891 2087 1000 2116 eum
1025 2070 1372 2134 contingentes,
1399 2071 1656 2135 expressim
1679 2081 1824 2135 atque

408 2146 710 2206 nominatim,
744 2157 900 2194 essent
920 2146 1122 2211 publicis
1146 2147 1362 2211 apicibus
1386 2147 1656 2211 designatae.

473 2223 595 2268 Sane
617 2232 730 2269 tunc
757 2223 985 2286 temporis
1008 2223 1211 2269 maxime
1235 2222 1487 2271 affectabat
1509 2240 1594 2270 rex
1615 2227 1822 2271 Franco-

408 2316 515 2345 rum
538 2300 708 2364 punire
730 2315 824 2346 suae
855 2300 1031 2347 militiae
1063 2301 1329 2366 principem
1347 2337 1359 2361 ‚
1387 2317 1532 2365 quem
1562 2318 1707 2367 supra
1743 2319 1822 2350 re-

461 2439 478 2473 1
491 2465 498 2473 .
516 2438 570 2473 La
582 2437 691 2475 treve
703 2437 1051 2490 enti-elaBretagne
1063 2446 1101 2476 et
1112 2437 1150 2476 la
1161 2440 1306 2476 France
1317 2437 1420 2476 avait
1429 2436 1603 2475 finilew
1613 2436 1689 2475 mai
1699 2439 1819 2488 1475,

406 2503 444 2533 et
461 2495 498 2533 le
516 2495 590 2533 duc
606 2527 616 2544 ‚
643 2497 756 2547 apres
775 2497 885 2534 avoir
907 2498 986 2549 pris
1005 2498 1167 2535 alliance
1186 2510 1278 2535 avec
1297 2497 1333 2536 le
1356 2497 1414 2535 roi
1432 2496 1720 2550 d’Angleterre‚
1748 2510 1821 2543 veq-

403 2555 485 2593 nait
514 2554 562 2593 de
582 2569 807 2606 convoquer
825 2570 894 2594 son
921 2557 1178 2595 ari-iere-ban.
1203 2559 1303 2595 C’est
1325 2570 1418 2595 avec
1439 2556 1567 2594 raison
1595 2556 1821 2596 neanmoins

404 2628 479 2666 que
501 2614 667 2653 l’auteur
690 2615 745 2653 dit
767 2629 842 2666 que
864 2617 1021 2655 Chai-les
1042 2617 1076 2655 le
1100 2610 1317 2655 Tc'meraire
1341 2616 1485 2656 n’avait
1506 2630 1574 2668 pas
1602 2621 1624 2655 ὲ
1647 2626 1821 2669 compter

405 2674 709 2722 surlui‚car511a
719 2674 806 2712 date
816 2675 869 2713 du
879 2677 1081 2725 20juillet,
1102 2676 1128 2713 il
1143 2675 1261 2724 jurait
1274 2689 1350 2714 aux
1369 2677 1537 2727 envoyes
1551 2676 1816 2715 deLouisXI:

408 2749 428 2768 α
456 2732 551 2784 qu'il
581 2746 631 2771 ne
652 2733 802 2771 vouloit
833 2742 933 2773 estre
957 2735 1126 2787 anglois,
1148 2743 1186 2773 et
1202 2735 1339 2783 jamais
1363 2748 1413 2772 ne
1432 2735 1618 2787 porteroit
1646 2735 1684 2774 la
1711 2735 1818 2774 croix
1854 2772 1857 2775 ,

405 2805 540 2844 rouge.
572 2808 590 2827 :n
612 2796 712 2831 Dom
730 2793 890 2840 Morice,
910 2808 989 2846 pr.‚
1011 2797 1144 2842 t.·111‚
1162 2795 1239 2834 col.
1262 2796 1355 2842 272,
1377 2796 1470 2834 274.

459 2853 496 2889 2.
533 2853 621 2889 Cum
641 2851 735 2890 dans
752 2852 788 2890 le
808 2865 877 2892 ms.
