2054 3470
399 330 476 366 250
733 367 737 371 Α
763 330 1102 366 HISTORIARUM
1129 330 1364 367 LUDOVICI
1391 331 1448 366 XI

401 427 539 475 runt,
565 434 614 464 se
643 433 800 480 regem
829 427 1055 480 tanquam
1084 418 1334 464 dominum
1359 434 1497 464 suum
1521 418 1815 482 superiorem

400 505 445 540 et
503 493 755 558 capitalem
809 509 1065 556 agnoscere
1089 530 1102 553 ,
1150 494 1321 540 ducem
1372 510 1484 540 vero
1537 494 1816 558 Burgundiae

400 572 670 635 proximum
696 581 741 617 et
763 570 1090 617 immediatum
1113 588 1162 617 se
1190 570 1393 629 habere3
1421 571 1498 616 cui
1525 587 1635 617 cum
1664 570 1816 618 fideli-

400 651 507 695 tatis
523 648 894 711 hommagiique,
914 649 1052 711 regiis
1070 647 1278 711 jussibus
1294 658 1342 694 et
1360 647 1611 707 mandatis,
1636 649 1815 712 praesti-

402 726 566 772 tissent
594 734 911 784 sacramenta,
941 741 1040 771 non
1071 741 1210 789 posse
1241 724 1302 771 ab
1333 741 1391 771 eo
1424 723 1626 771 deficere
1654 724 1715 772 ad
1744 742 1815 772 re-

402 819 603 867 gemque
626 803 854 863 transire,
889 819 947 849 eo
979 802 1162 849 secluso
1191 812 1238 849 et
1265 802 1462 866 rejecto;
1495 801 1639 848 fidem
1671 818 1815 866 quam

401 880 490 927 sibi
514 879 820 926 mandaverat
841 878 1107 938 observari,
1134 889 1182 925 et
1210 879 1272 925 ad
1302 895 1415 925 eamv
1434 878 1718 926 servandam
1745 895 1816 926 sa-

402 966 645 1005 cramento
670 956 794 1019 adigi
817 955 1073 1014 voluerat¹,
1099 973 1148 1003 se
1169 956 1343 1003 violare
1362 972 1462 1002 non
1484 973 1646 1021 posse;
1670 973 1815 1021 quam

403 1045 563 1082 tamen
599 1033 900 1081 observando
929 1043 975 1080 et
1004 1033 1280 1092 retinendo,
1313 1050 1471 1096 regem
1507 1033 1817 1081 nihilominus

403 1114 550 1160 veluti
589 1129 868 1177 supremum
907 1111 1155 1158 dominum
1196 1128 1383 1175 semper
1417 1121 1811 1173 recognoscerent

403 1202 450 1238 et
474 1191 722 1237 haberent.
749 1191 797 1236 Si
821 1207 933 1237 vero
957 1206 1039 1236 eos
1065 1189 1210 1251 nude,
1228 1199 1274 1237 et
1296 1189 1477 1253 absque
1501 1189 1691 1236 alterius
1708 1190 1819 1236 sub-

404 1268 716 1314 alternatione
757 1284 840 1314 seu
877 1267 1166 1314 mediatione
1199 1267 1410 1327 domini,
1447 1265 1626 1312 habere
1651 1264 1816 1325 vellet,

405 1344 721 1409 precabantur
744 1353 796 1389 ut
812 1360 950 1407 agere
974 1344 1111 1391 vellet
1135 1361 1246 1390 cum
1268 1343 1661 1406 Burgundionum
1677 1343 1817 1402 duce,

403 1422 504 1478 cui,
541 1437 599 1467 eo
634 1421 935 1485 praecipiente
972 1429 1018 1468 et
1051 1421 1330 1481 mandante,
1372 1437 1507 1467 suam
1545 1419 1691 1467 fidem
1725 1419 1819 1467 ob-

404 1500 713 1558 strinxerant,
740 1508 792 1544 ut
814 1515 896 1545 eos
926 1515 952 1545 a
984 1498 1079 1545 fide
1102 1509 1148 1545 et
1176 1515 1201 1545 a
1231 1499 1538 1545 sacramentis
1567 1498 1659 1544 sihi
1691 1497 1820 1544 factis

403 1585 450 1622 et
471 1577 687 1641 praestitis
707 1576 991 1624 absolveret.
1018 1580 1120 1623 Hoc
1144 1577 1291 1636 facto,
1311 1593 1422 1622 cum
1439 1575 1572 1622 bono
1593 1576 1755 1623 animo
1775 1585 1822 1622 et

403 1652 583 1717 absque
606 1655 855 1700 coactione
870 1690 882 1714 ,
906 1653 1110 1700 libenter
1133 1671 1181 1700 se
1209 1655 1307 1716 regi
1331 1653 1599 1711 dedituros,
1625 1652 1821 1716 ejusque

403 1732 660 1795 majestatis
684 1731 895 1794 jussibus
916 1748 1001 1796 per
1030 1732 1193 1778 omnia
1223 1731 1459 1796 parituros
1488 1729 1653 1794 :quod
1676 1728 1816 1786 alias,

403 1826 515 1855 cum
532 1809 780 1856 honestate
797 1820 842 1856 et
859 1809 1037 1872 absque
1058 1819 1187 1856 reatu
1206 1809 1398 1873 perjurii
1420 1818 1463 1854 et
1484 1806 1709 1871 perfidiae,
1729 1805 1822 1851 mi-

405 1888 534 1934 nime
558 1888 708 1934 facere
729 1897 939 1952 possent.

470 1968 590 2011 Cum
625 1965 715 2011 hac
749 1965 1059 2029 responsione
1094 1979 1199 2020 eos,
1226 1963 1309 2025 qui
1337 1977 1385 2008 se
1413 1961 1476 2007 ad
1503 1959 1819 2006 defectionem

405 2043 793 2101 sollicitaverant,
819 2043 931 2088 satis
952 2041 1212 2105 prudenter
1234 2049 1282 2085 et
1304 2037 1519 2085 consulte
1540 2036 1820 2084 remiserant

405 2120 674 2184 expeditos;
702 2119 785 2165 sed
816 2136 950 2177 cum,
981 2134 1079 2163 non
1113 2116 1414 2163 obstantibus
1443 2114 1545 2175 his,
1579 2112 1820 2159 sollicitari

405 2197 593 2262 plebem
623 2213 650 2243 a
681 2206 813 2260 parte
842 2196 961 2258 regis
993 2195 1186 2240 minime
1208 2202 1483 2251 cessaretur,
1513 2191 1655 2238 stulta
1677 2199 1724 2237 et
1746 2192 1821 2237 in-

405 2274 499 2322 fida
529 2274 663 2338 plebs
692 2289 796 2336 quae
828 2288 1053 2334 magnum
1078 2270 1270 2334 aliquod
1295 2269 1522 2332 consequi
1551 2284 1601 2314 se
1623 2267 1820 2313 aestima-

406 2351 512 2410 bat,
539 2352 576 2396 si
603 2350 691 2396 sub
714 2350 879 2412 regalis
907 2348 1075 2411 fastigii
1099 2347 1287 2393 titulum
1308 2346 1588 2402 devenisset,
1609 2343 1700 2390 alia
1719 2343 1821 2390 vice

407 2426 705 2475 venientibus
744 2426 805 2472 ad
837 2442 885 2472 se
930 2426 1145 2487 equitum
1180 2423 1348 2469 turmis
1385 2432 1432 2468 et
1462 2421 1659 2478 nomine
1690 2420 1820 2483 regio

407 2505 658 2552 intromitti
686 2503 1059 2568 postulantibus,
1085 2519 1166 2548 eos
1193 2502 1321 2547 intus
1343 2498 1555 2557 admisit,
1583 2508 1630 2545 et
1653 2515 1680 2545 a
1705 2501 1821 2544 Bur-

408 2646 483 2670 aux
509 2631 690 2669 environs
715 2629 910 2668 d'Amiens
923 2660 933 2678 ‚
961 2632 1019 2680 s'y
1042 2628 1134 2666 etait
1154 2626 1354 2664 introduit;
1378 2625 1474 2663 Mais
1493 2623 1622 2674 quand
1641 2623 1667 2660 il
1686 2631 1748 2660 sut
1766 2622 1821 2660 les

409 2691 653 2742 ‹lispositions
677 2690 728 2727 du
753 2702 868 2727 menn
892 2688 1054 2740 peuple,
1080 2688 1105 2725 il
1135 2700 1175 2725 se
1198 2695 1336 2724 trouva
1357 2693 1443 2736 trop
1462 2697 1539 2736 peu
1557 2683 1704 2722 escorte
1722 2694 1822 2734 pour

409 2765 496 2789 oser
514 2764 539 2801 y
557 2759 699 2790 entrer.
720 2749 952 2795 Commines,
973 2749 1001 2789 l.
1024 2750 1096 2796 ΙΙΙ,
1115 2747 1176 2785 ch.
1197 2761 1241 2785 11.
1734 2740 1742 2746 ”

468 2813 483 2847 1
499 2841 505 2847 .
541 2814 748 2848 Voluerunt
764 2809 860 2847 dans
878 2809 914 2847 le
933 2821 1004 2846 ms.
