2054 3470
690 349 838 388 LIBER
863 347 1133 389 SECUNDUS.
1544 351 1562 388 1
1572 351 1620 389 33

211 458 324 491 cens
341 477 356 503 ‚
385 440 538 488 vicem
575 438 644 485 eis
669 453 771 484 non
791 435 942 483 modo
963 452 1130 503 parem
1164 434 1227 483 ad
1263 436 1402 483 sortis
1430 436 1620 501 aequali-

213 529 377 580 tatem,
403 516 489 566 sed
509 532 620 564 cum
636 515 821 580 magnis
838 514 1020 562 foenore
1041 523 1090 561 et
1110 513 1285 575 usuris,
1309 514 1544 578 rependit.

274 588 428 644 Semel
441 594 600 655 etiam,
619 610 730 640 cum
748 594 797 640 in
817 601 1032 660 patentes
1046 608 1241 658 campos
1259 592 1478 640 exiissent
1493 593 1624 658 apud

211 675 369 724 villam
382 675 395 700 ¹
434 672 512 720 cui
545 673 827 719 Montnaelse
858 688 1037 719 nomen
1066 680 1136 719 est
1155 708 1168 733 ‚
1203 680 1251 718 et
1284 671 1435 719 multa
1473 671 1622 721 millia

211 768 268 801 ex
285 750 426 815 vulgo
449 759 583 797 terrae
603 750 840 814 aggregati
861 749 956 797 illic
978 757 1160 810 essent,
1192 747 1368 796 nobilis
1392 759 1439 796 et
1462 749 1623 798 claris-

211 830 356 878 simus
381 844 543 876 comes
570 827 631 875 de
661 831 852 876 Nassau
867 863 880 888 ,
914 826 1199 876 senescallus
1221 827 1485 876 Brabantiae
1513 827 1623 894 [et]

208 905 432 955 dominus
465 904 527 953 de
562 905 759 964 Breda’,
793 921 904 952 cum
931 921 1081 971 parva
1101 921 1246 952 manu
1283 921 1395 952 cum
1415 905 1483 952 eis
1504 921 1622 953 con-

207 998 417 1048 gressus,
447 982 577 1048 ipsos
600 981 723 1029 fudit
743 991 887 1046 atque
911 981 1115 1046 fugavit,
1149 981 1277 1029 caesis
1303 997 1360 1029 ex
1383 981 1449 1029 eis
1470 998 1623 1048 prope

207 1060 398 1110 duobus
422 1060 632 1109 millibus
654 1070 703 1109 et
724 1061 1012 1126 quingentis.

270 1139 364 1187 Sed
383 1155 473 1204 nec
492 1138 575 1186 tali
595 1139 728 1187 clade
743 1148 981 1204 suscepta,
1006 1154 1097 1186 nec
1111 1147 1240 1185 metu
1261 1139 1484 1204 potentiae
1499 1140 1619 1188 tanti

206 1217 434 1284 principis
455 1217 649 1265 coerciti
667 1226 748 1265 aut
766 1216 995 1279 deterriti,
1009 1232 1037 1264 a
1056 1233 1142 1264 sua
1163 1216 1419 1265 stoliditate
1434 1218 1622 1283 resipie-

206 1293 341 1343 bant.
363 1294 492 1353 Quin
506 1295 683 1360 potius,
696 1294 826 1342 velut
842 1294 1052 1360 quadam
1067 1293 1200 1342 rabie
1216 1304 1298 1342 aut
1312 1295 1495 1343 insania
1507 1296 1618 1356 acti,

207 1372 372 1438 pejora
397 1371 637 1438 prioribus
671 1372 825 1420 facere
852 1371 1151 1436 jactitabant,
1176 1382 1223 1419 et
1246 1372 1425 1420 nedum
1448 1372 1622 1421 talibus

208 1452 366 1519 impiis
378 1452 576 1512 actibus,
589 1453 673 1501 sed
687 1463 734 1500 et
745 1453 946 1518 vipereis
958 1453 1131 1518 linguis
1145 1490 1157 1512 ,
1181 1452 1406 1500 omnibus
1424 1451 1528 1500 telis
1540 1469 1623 1500 sae-

210 1530 420 1579 vioribus
446 1539 492 1578 et
522 1530 972 1578 intolerabilioribus
988 1566 1001 1591 ,
1043 1531 1094 1577 in
1130 1530 1205 1577 sui
1240 1530 1435 1577 exitium
1457 1530 1624 1594 praefa-

210 1617 371 1655 torum
396 1607 647 1655 illustrium
667 1607 802 1655 ducis
823 1617 870 1655 et
892 1608 1100 1667 comitis,
1119 1607 1350 1671 unigeniti
1372 1607 1464 1667 sui,
1487 1606 1622 1654 beni-

210 1683 435 1748 gnitatem
454 1693 501 1730 et
517 1684 817 1732 clementiam
836 1693 1151 1748 provocantes
1176 1693 1318 1748 atque
1338 1700 1623 1751 exasperan-

211 1771 295 1809 teS.
318 1762 473 1809 Facile
501 1761 630 1808 enim
655 1779 754 1810 non
781 1763 875 1810 dici
902 1772 1100 1828 possent
1133 1761 1313 1828 probra
1333 1771 1380 1809 et
1404 1763 1621 1811 convicia

208 1855 313 1903 quae
344 1838 412 1886 illi
443 1839 603 1886 miseri
630 1839 791 1887 stolidi
818 1850 864 1888 et
891 1840 1006 1889 fatui
1043 1841 1092 1887 in
1128 1839 1347 1905 praefatos
1377 1840 1619 1905 principes

208 1925 256 1964 et
284 1915 630 1964 nobilissimam
663 1916 911 1965 dominam
928 1955 941 1980 ,
980 1928 1181 1966 matrem
1217 1917 1396 1984 praefati
1428 1917 1621 1966 illustris

208 1995 411 2056 comitis,
426 1995 572 2061 patris
583 1995 656 2042 sui
670 1995 922 2060 conjugem
931 1997 947 2020 ³
961 1996 1294 2061 probissimam
1307 2005 1450 2060 atque
1464 1996 1622 2043 castis-

207 2071 393 2133 simam,
414 2073 510 2120 suis
527 2075 770 2121 venenatis
789 2073 1064 2137 jaculabant
1076 2074 1272 2138 linguis3
1293 2083 1342 2121 et
1360 2074 1620 2139 praesertim

207 2147 275 2196 illi
295 2148 357 2197 de
371 2149 581 2198 Dinanto
601 2150 801 2216 oppido,
823 2150 995 2216 opibus
1012 2160 1059 2199 et
1074 2151 1247 2199 divitiis
1270 2150 1421 2214 (unde
1440 2150 1620 2198 eisdem

207 2241 380 2290 magna
403 2227 626 2293 superbia
653 2237 701 2275 et
718 2229 855 2275 luxus
881 2228 1245 2294 proveniebant,
1270 2245 1376 2293 quae
1401 2245 1457 2276 ex
1477 2227 1620 2275 rebus

207 2303 428 2352 secundis
447 2306 561 2352 oriri
577 2305 750 2370 solent)
762 2315 875 2353 tunc
885 2306 1053 2372 procul
1066 2305 1214 2354 dubio
1224 2305 1616 2371 locupletissimo.

263 2433 302 2469 1.
335 2450 354 2468 u
374 2435 465 2487 Ung
481 2447 569 2486 gros
586 2434 742 2487 villaige
756 2463 767 2483 ,
789 2435 945 2474 nomme
971 2438 1201 2487 Montenacq
1213 2466 1223 2485 ‚
1251 2448 1331 2487 quy
1354 2443 1411 2474 est
1431 2437 1453 2474 a
1471 2435 1554 2474 dire
1572 2448 1622 2474 en

210 2490 374 2542 franoois
389 2494 605 2547 Montigny,
627 2503 734 2533 entre
752 2496 1007 2534 sainct-Trou
1025 2509 1075 2534 en
1089 2495 1284 2534 Hasebain
1299 2503 1337 2533 et
1354 2496 1485 2545 Verlo‚
1508 2498 1530 2534 a
1551 2508 1622 2533 en-

209 2548 322 2588 viron
345 2551 434 2604 cinq
455 2553 576 2592 lieues
600 2553 648 2592 de
669 2554 706 2592 la
730 2554 804 2593 cite
827 2554 875 2593 de
897 2555 1028 2608 Liege.
1053 2572 1070 2589 ι)
1096 2557 1261 2606 Jacques
1287 2554 1503 2606 Duclercq‚
1526 2558 1620 2593 Me<-

211 2611 362 2657 moires,
381 2611 409 2650 l.
429 2614 478 2660 V,
498 2627 532 2650 c.
554 2627 660 2652 xmx.

264 2670 288 2705 2
296 2698 305 2708 .
319 2669 507 2722 Duclercq
518 2671 575 2709 dit
585 2687 593 2709 :
611 2690 628 2707 u
638 2676 692 2711 Le
701 2681 825 2712 comte
835 2673 884 2713 de
894 2677 1056 2724 Nansso,
1065 2673 1261 2713 seneschal
1273 2673 1322 2712 de
1332 2673 1544 2725 Haynaust,
1557 2703 1565 2713 .
1576 2701 1585 2712 .
1594 2701 1603 2710 .
1611 2704 1622 2714 .

211 2727 248 2766 le
269 2728 449 2779 seigneur
461 2729 509 2768 de
520 2730 756 2784 Rubempre,
769 2734 890 2786 grand
900 2734 1020 2785 bailly
1032 2734 1081 2772 de
1090 2732 1276 2782 Brabant3
1290 2751 1307 2767 »
1323 2746 1367 2771 ce
1379 2734 1446 2784 qui
1460 2733 1528 2771 fait
1539 2733 1626 2771 voir

211 2799 288 2839 que
303 2787 466 2826 Thomas
485 2790 599 2828 Basin
623 2804 646 2828 a
666 2793 860 2832 confondu
878 2794 980 2833 deux
998 2805 1258 2846 personnages
1274 2806 1323 2832 en
1343 2806 1396 2831 un
1416 2793 1512 2831 seul.

266 2848 304 2884 3.
336 2846 499 2886 Isabelle
515 2848 563 2887 de
579 2851 774 2903 Portugal.
