2054 3470
370 321 420 357 116
737 321 1076 359 HISTORIARUM
1101 321 1338 359 LUDOVICI
1364 321 1423 358 xl

369 425 541 472 magna
569 418 712 473 atque
742 407 893 456 nobili
918 408 1032 456 cleri
1064 418 1252 456 caterva
1284 409 1487 474 stipato,
1523 406 1783 454 honorabi-

368 485 476 532 liter
497 495 567 533 est
588 495 828 551 exceptus.
862 487 957 543 Qui
990 486 1131 533 etiam
1159 486 1429 549 juramenta
1458 502 1563 550 quae
1585 494 1783 550 perante

371 563 543 620 Remis,
570 564 618 610 in
643 579 728 610 sua
750 565 1110 611 consecratione
1126 601 1138 622 ,
1164 564 1462 628 praestiterat,
1488 562 1548 609 de
1571 561 1782 626 regendo

368 639 587 687 videlicet
613 650 659 688 et
684 641 863 688 tuendo
886 657 1084 704 regnum
1107 641 1337 705 regnique
1360 640 1548 688 accolas
1570 639 1632 687 ab
1655 639 1784 702 inju-

369 715 449 762 riis
464 752 476 776 ,
518 716 793 779 eisdemque
835 716 1148 764 ministrando
1194 726 1241 763 et
1280 715 1553 763 exhibendo
1595 715 1783 779 justitiae

368 793 773 858 complementum
800 829 812 853 ,
863 793 1069 840 ecclesiis
1109 803 1157 840 et
1199 793 1524 840 ecclesiasticis
1567 793 1783 858 personis

368 871 696 918 conservando
730 871 1024 936 privilegium
1052 872 1342 919 canonicum
1355 875 1383 934 ¹,
1415 889 1527 919 eum
1565 881 1783 937 praestare

369 956 512 1011 atque
534 947 704 994 iterare
726 947 849 1009 fecit,
871 947 1005 1011 juxta
1028 948 1173 995 ritum
1197 958 1245 995 et
1267 965 1453 995 morem
1470 947 1783 1013 praedecesso-

370 1040 477 1071 rum
507 1041 722 1071 suorum.
765 1027 912 1071 Porro
943 1025 1221 1089 priusquam
1245 1025 1416 1073 urbem
1437 1025 1684 1084 introiret,
1720 1023 1783 1073 ab

370 1100 544 1150 eodem
565 1100 791 1166 pontifice
813 1101 905 1149 sibi
926 1102 1060 1167 petiit
1079 1102 1267 1149 ostendi
1283 1102 1491 1167 capitula
1506 1101 1783 1165 hujusmodi

364 1178 642 1241 juramenti.
670 1182 785 1237 Quae
806 1196 918 1227 cum
940 1196 996 1226 ex
1018 1180 1211 1226 vetustis
1234 1179 1439 1227 ecclesiae
1461 1179 1594 1226 libris
1608 1217 1621 1241 ‚
1651 1179 1785 1243 juxta

368 1265 599 1303 vetustam
622 1256 860 1322 descripta
879 1256 1276 1304 consuetudinem
1291 1294 1303 1316 ,
1343 1257 1433 1304 sibi
1455 1267 1644 1304 ostensa
1671 1256 1784 1304 fuis—

369 1343 492 1394 sent,
518 1334 684 1381 eadem
707 1334 792 1380 diu
815 1334 926 1380 satis
949 1334 1266 1398 praestitur'um
1287 1351 1337 1382 se
1356 1335 1561 1398 negavit,
1586 1333 1651 1381 ob
1667 1334 1785 1381 illud

370 1412 661 1477 praecipuum
678 1411 941 1476 capitulum
960 1410 1094 1475 quod
1115 1411 1334 1458 ecclesias
1353 1411 1785 1475 ecclesiasticasque

370 1506 597 1554 personas
629 1489 820 1554 respicit
851 1498 898 1536 et
923 1489 1172 1552 contingit.
1213 1491 1283 1534 Ex
1314 1506 1411 1553 quo
1445 1489 1556 1536 satis
1587 1489 1788 1553 qualiter

369 1565 634 1613 afficeretur
672 1564 888 1612 Ecclesiae
929 1575 1071 1628 atque
1112 1564 1356 1628 religioni,
1399 1565 1556 1613 verbis
1590 1565 1787 1630 quidem

371 1651 494 1702 tum,
532 1641 616 1688 sed
639 1642 782 1705 longe
805 1640 1009 1706 amplius
1031 1650 1077 1687 et
1099 1640 1385 1688 luculentius
1414 1641 1547 1690 factis
1572 1641 1789 1707 plurimis

371 1718 703 1783 postmodum,
732 1718 981 1777 indicavit;
1007 1718 1254 1765 convictus
1273 1728 1432 1765 tamen
1458 1729 1561 1766 tum
1582 1719 1784 1780 ratione,

371 1806 475 1843 tum
505 1806 699 1843 vetustae
720 1795 1080 1842 consuetudinis
1112 1796 1394 1842 auctoritate
1411 1833 1423 1857 ,
1457 1796 1560 1860 ipsa
1581 1795 1788 1861 capitula

372 1884 668 1920 sacramento
690 1873 893 1920 solemni
918 1872 1171 1919 observare
1188 1871 1411 1918 firmavit.

438 1951 654 2011 Longum
674 1949 815 1995 nimis
838 1958 958 1995 esset
979 1958 1024 1995 et
1043 1947 1307 2010 legentibus
1329 1947 1485 1994 forsan
1506 1949 1666 1997 minus
1685 1967 1787 1997 cre-

373 2024 520 2072 dibile
539 2035 801 2090 putaretur,
828 2026 866 2071 si
885 2023 1374 2088 magnificentissimos
1393 2025 1786 2074 vestimentorum

373 2117 428 2148 ac
451 2102 898 2166 pretiosissimorum
918 2110 1131 2158 ornatus,
1157 2100 1329 2164 quibus
1351 2110 1454 2148 tum
1474 2101 1621 2149 duces
1643 2113 1787 2167 atque

375 2177 613 2243 principes
629 2215 641 2238 ,
679 2187 782 2224 tum
806 2179 949 2225 etiam
979 2176 1153 2241 quibus
1176 2177 1447 2225 insidebant
1472 2180 1584 2243 equi
1608 2179 1671 2226 ad
1695 2189 1786 2227 ter-

375 2272 476 2303 ram
492 2273 642 2321 usque
662 2265 947 2320 tegerentur,
972 2255 1146 2302 referre
1163 2272 1248 2321 per
1261 2256 1445 2320 singula
1462 2273 1782 2321 pergeremus.

429 2401 469 2438 1.
498 2401 552 2437 Le
574 2411 646 2436 ms.
680 2406 788 2450 porte
816 2401 957 2444 catiffl„
975 2396 1223 2440 c'est-a·dire
1245 2410 1321 2436 une
1338 2397 1447 2449 lecon
1466 2398 1721 2452 insignifiante
1739 2414 1789 2440 au

379 2468 520 2508 moyen
543 2457 591 2495 de
613 2457 779 2509 laquelle
803 2457 839 2496 le
860 2457 1003 2509 copiste
1026 2470 1049 2495 a
1067 2457 1179 2496 elude
1200 2471 1276 2496 une
1297 2458 1482 2496 difficulte
1504 2459 1556 2497 du
1575 2468 1678 2499 texte
1696 2461 1790 2512 qu’il

379 2517 481 2555 avait
499 2530 587 2555 sous
611 2517 664 2555 les
686 2530 802 2568 yeux.
833 2519 887 2554 La
913 2525 1095 2555 coutume
1118 2517 1208 2554 etait
1227 2530 1302 2568 que
1322 2518 1376 2556 les
1396 2518 1473 2556 rois
1493 2518 1541 2557 de
1563 2517 1709 2558 France
1722 2521 1789 2569 ju-

378 2586 548 2627 rassent,
575 2586 689 2616 avant
716 2577 885 2616 d'entrer
911 2579 932 2615 ἐι
958 2579 1246 2624 Notre-Dame,
1274 2577 1310 2616 le
1332 2577 1514 2616 maintien
1534 2578 1586 2616 du
1605 2580 1792 2632 privilege

379 2637 555 2676 claustral
575 2636 736 2675 accorde
755 2650 804 2674 au
824 2636 995 2687 chapitre
1010 2636 1057 2674 de
1074 2636 1178 2674 Paris
1192 2649 1262 2687 par
1278 2636 1434 2675 Charles
1447 2637 1483 2675 le
1497 2637 1656 2689 Simple.
1673 2641 1792 2678 Noti-e

378 2706 529 2743 auteur,
559 2696 625 2747 qui
654 2709 704 2734 ne
727 2695 956 2734 connaissait
977 2709 1044 2747 pas
1065 2695 1101 2733 le
1128 2697 1319 2734 caractere
1338 2705 1420 2734 tout
1438 2697 1658 2748 particulier
1680 2697 1730 2736 de
1746 2709 1792 2736 ce

380 2755 589 2808 privilege,
614 2755 664 2793 l'a
685 2754 901 2804 consondu‚
930 2768 978 2792 en
1002 2754 1238 2793 l'entendant
1263 2769 1453 2803 nommer,
1480 2770 1574 2796 avec
1605 2771 1658 2796 un
1681 2766 1791 2796 autre

379 2815 509 2855 article
527 2814 594 2866 qui
613 2814 882 2866 sauvegardait
904 2813 958 2852 les
978 2813 1096 2852 droits
1116 2813 1164 2852 de
1187 2823 1269 2853 tout
1287 2815 1323 2854 le
1340 2815 1469 2869 clerge
1488 2817 1541 2855 du
1563 2829 1759 2868 royaume.
