2054 3470
479 333 557 370 196
847 329 1191 367 HISTORIARUM
1216 330 1452 367 LUDOVICI
1477 330 1533 366 XI

480 419 835 484 aggravationes
849 455 861 479 ,
903 413 1202 466 anathemata
1216 456 1228 479 ,
1272 419 1417 465 totius
1455 418 1616 482 patriae
1653 418 1888 481 generalia

477 497 731 545 interdicta
761 515 773 543 ε
805 513 923 561 quas
961 513 1183 544 censuras
1221 513 1389 543 omnes
1426 496 1689 543 diutissime
1724 496 1886 544 animo

475 575 747 622 contumaci
771 584 914 638 atque
937 573 1102 621 rebelli
1122 574 1468 633 sustinuerunt,
1497 573 1679 621 nullam
1700 572 1888 621 illarum

473 652 814 700 relaxationem
845 652 1069 716 prosequi
1102 668 1184 698 seu
1219 650 1436 698 obtinere
1469 661 1704 698 curantes.
1744 651 1889 699 Fasti-

473 730 607 777 dium
629 730 759 777 enim
779 728 1047 792 legentibus
1075 728 1233 776 forsan
1262 737 1507 792 generaret
1529 737 1671 775 tantae
1695 744 1888 775 eorum-

473 803 583 851 dem
606 803 895 869 pertinaciae,
913 804 1011 850 imo
1028 802 1295 850 stoliditatis
1317 812 1459 867 atque
1483 802 1687 850 stultitiae
1698 802 1887 866 longius

471 881 703 946 producta
734 882 962 928 narratio.
1002 881 1275 927 Omittimus
1309 881 1450 928 etiam
1482 880 1656 927 referre
1684 879 1887 944 qualiter

470 974 555 1006 sua
602 958 1107 1024 praesumptuosissima
1145 958 1378 1018 fatuitate,
1416 958 1696 1023 episcopum
1740 957 1885 1005 alium

469 1037 570 1096 cui,
605 1054 693 1083 suo
724 1046 910 1101 spreto,
943 1045 1187 1101 parerent,
1222 1038 1431 1083 Marcum
1461 1035 1702 1095 videlicet,
1733 1035 1884 1082 filium

469 1115 758 1162 marchionis
784 1114 1047 1174 Badensis¹,
1081 1113 1396 1161 accersierunt
1431 1122 1479 1159 et
1505 1112 1566 1159 ad
1595 1128 1729 1160 suam
1769 1113 1884 1159 civi-

469 1202 611 1240 tatem
634 1191 968 1240 advocarunff.
998 1191 1067 1238 Ad
1089 1207 1235 1256 quam
1255 1207 1366 1238 cum
1393 1200 1571 1237 temere
1599 1190 1710 1237 satis
1742 1199 1884 1253 atque

466 1269 752 1328 inconsulte,
772 1268 897 1316 illius
918 1269 1075 1315 insani
1092 1278 1234 1333 atque
1252 1268 1414 1315 furiosi
1433 1267 1601 1332 populi
1616 1267 1886 1332 promissio-

466 1346 606 1394 nibus
639 1346 855 1407 allectus,
894 1346 1185 1405 accessisset,
1224 1361 1392 1392 eorum
1426 1344 1571 1409 paulo
1603 1354 1713 1408 post
1745 1344 1886 1391 furias

465 1434 609 1488 atque
639 1424 847 1472 insanias
876 1433 1166 1483 exsecratus,
1199 1422 1400 1469 consilio
1433 1420 1629 1468 meliore
1659 1431 1881 1486 accepto,

465 1501 527 1549 ab
550 1503 616 1549 eis
633 1501 864 1563 discessit,
891 1511 939 1549 et
961 1501 1164 1548 minime·
1183 1499 1437 1560 rediturus,
1458 1498 1519 1546 ad
1537 1499 1732 1564 propria
1753 1515 1887 1564 repe-

467 1578 639 1627 davit³.

519 1738 559 1776 1·.
588 1735 696 1775 Lisez
712 1738 888 1787 fratrem,
907 1748 972 1774 car
990 1735 1018 1773 il
1038 1734 1148 1788 s'agit
1165 1733 1218 1772 du
1232 1734 1400 1786 marquis
1419 1734 1522 1772 alors
1533 1733 1711 1785 regnant,
1730 1732 1886 1772 Char-les

462 1795 510 1833 de
529 1795 649 1843 Bade,
670 1796 738 1846 qui
759 1795 849 1833 etait
869 1796 905 1834 le
928 1796 1033 1834 frere
1053 1795 1101 1833 de
1120 1797 1239 1833 Marc.

519 1857 558 1892 2.
590 1857 697 1892 Marc
716 1854 764 1892 de
783 1854 887 1892 Bade
907 1855 963 1892 sut
981 1853 1134 1906 appele,
1159 1853 1195 1891 le
1214 1855 1265 1890 24
1285 1865 1388 1890 mars
1407 1854 1528 1900 1465,
1548 1864 1627 1890 non
1648 1865 1717 1903 pas
1735 1864 1885 1890 comme

465 1913 614 1964 eveque
626 1944 637 1962 ,
661 1914 758 1952 mais
779 1926 929 1953 comme
952 1913 1173 1962 mainbour,
1196 1913 1337 1965 charge
1360 1911 1644 1950 d'administrer
1661 1912 1716 1950 les
1734 1911 1885 1949 affaires

465 1974 725 2024 temporelles.
754 1975 830 2012 Son
854 1974 942 2011 titre
967 1972 1105 2011 officiet
1126 1972 1216 2010 etait
1238 1987 1247 2009 ι
1278 1989 1293 2004 ‹-
1314 1974 1465 2009 Marcus
1491 1969 1540 2008 de
1562 1972 1720 2014 Baden.
1747 1983 1886 2023 regens

465 2040 504 2069 et
533 2032 769 2083 gubernator
799 2045 844 2070 ac
879 2032 1166 2071 administrator
1198 2031 1333 2083 patriae
1357 2030 1581 2069 Leodiensis
1593 2059 1605 2077 ,
1641 2030 1802 2068 ducatus
1837 2029 1886 2067 de

467 2093 615 2129 Bullzon
635 2100 673 2129 et
690 2091 891 2130 comitatus
906 2092 1115 2131 Lossensis.
1137 2109 1154 2124 »ι
1171 2091 1366 2130 Adrianus
1384 2091 1432 2128 de
1445 2088 1735 2137 Veteri-Bosco,
1752 2092 1881 2139 Ampl.

468 2153 648 2198 collectio,
669 2159 697 2190 t.
722 2153 789 2198 IV,
814 2150 888 2188 col.
909 2152 1010 2188 1267
1034 2159 1073 2188 et
1093 2152 1210 2189 1270.

524 2212 559 2248 3.
593 2213 643 2248 Sa
662 2209 816 2248 reti-aite
835 2218 891 2247 est
909 2210 1154 2260 representee
1171 2223 1260 2248 sous
1278 2223 1331 2247 un
1347 2218 1455 2248 autre
1470 2209 1562 2257 jour
1579 2221 1651 2260 par
1668 2221 1721 2246 un
1740 2207 1885 2246 temoin

469 2269 638 2307 oculaire
659 2284 667 2305 :
695 2287 712 2303 α
735 2271 879 2317 Quarta
905 2269 1153 2321 septembris,
1179 2269 1415 2308 obsederunt
1435 2268 1667 2308 Leodienses
1692 2267 1823 2306 villam
1846 2275 1886 2305 et

469 2337 634 2366 castrum
661 2329 709 2367 de
738 2329 1002 2378 Falcomonte3
1031 2339 1068 2368 et
1094 2339 1185 2368 tunc
1206 2329 1379 2368 marchio
1402 2327 1625 2377 (Badensis)
1652 2341 1741 2365 cum
1767 2327 1884 2365 fratre

471 2399 541 2425 suo
562 2389 733 2436 (Marco)
758 2397 796 2427 et
819 2388 1062 2436 Alemannis,
1085 2389 1153 2440 qui
1171 2402 1300 2427 secum
1319 2396 1526 2435 venerant,
1548 2386 1726 2425 omnibus
1744 2385 1885 2424 relictis

471 2458 556 2496 quae
575 2459 706 2484 secum
724 2447 944 2494 attulerant,
959 2448 1122 2486 latenter
1136 2448 1306 2496 recessit,
1326 2447 1463 2485 timore
1478 2444 1551 2485 sibi
1567 2445 1737 2495 incusso,
1753 2445 1885 2484 nescio

470 2505 586 2544 unde.
609 2522 628 2540 ι»
651 2506 817 2554 Ibidem,
837 2507 911 2547 col.
936 2509 1052 2545 1280.
1077 2541 1081 2548 .
