2054 3470
739 343 883 379 mmm
921 342 1166 388 QUARTUS.
1582 343 1657 380 345

251 445 361 487 nes,
391 439 439 476 et
457 429 555 493 ipse
586 427 979 492 Burgundionum
1001 427 1097 474 dux
1125 429 1175 474 in
1202 429 1366 475 castris
1397 439 1506 476 ante
1530 433 1655 477 Nus-

252 507 368 553 siam
381 506 572 570 jaceret,
592 505 877 552 Suitensium
892 506 1076 569 populi,
1098 521 1210 552 cum
1222 506 1653 570 Argentinensium,

253 583 575 630 Basiliensium
601 591 647 629 et
674 581 1022 628 Ferretensium‘
1055 582 1205 647 copiis
1222 619 1234 642 ,
1261 582 1379 630 fines
1403 583 1656 630 Vesontio-

253 677 367 708 num
383 664 412 707 ¹.
440 659 623 718 Quibus
653 675 763 706 cum
789 659 1100 707 resistentiam
1123 659 1238 707 dare
1261 669 1306 707 et
1333 661 1513 725 patrios
1540 659 1657 707 fines

252 747 417 785 contra
448 753 529 784 eos
561 736 703 784 tutari
739 745 880 800 atque
918 736 1174 784 defendere
1217 737 1386 785 milites
1428 738 1523 785 illic
1568 755 1656 804 pro

253 813 471 879 praesidio
498 813 601 874 siti,
623 830 732 860 cum
757 830 1013 862 numerosa
1036 830 1091 861 ex
1124 815 1246 877 agris
1269 814 1468 863 collecta
1497 815 1658 862 multi-

253 889 417 938 tudine
451 900 767 950 conarentur,
802 891 963 956 plures
1001 907 1056 938 ex
1091 891 1202 956 ipsis
1238 891 1437 957 plebeiis
1471 893 1574 939 caesi
1612 902 1659 940 et

251 968 483 1016 vulnerati
505 969 724 1028 fuerunt,
750 969 851 1016 aliis
875 969 964 1016 sibi
988 986 1075 1034 per
1095 969 1255 1033 sugam
1279 970 1654 1018 consulentibus.

252 1046 610 1110 intuleruntque
651 1047 883 1095 incendiis
916 1057 964 1095 et
999 1047 1206 1095 caedibus
1241 1048 1418 1096 damna
1454 1049 1673 1114 plurima

251 1123 583 1188 hujuscemodi
611 1125 858 1186 Alemanni
891 1124 1167 1190 praedasque
1197 1142 1297 1172 non
1327 1142 1497 1190 parvas
1528 1125 1661 1172 fece-

252 1211 381 1260 runt,
405 1202 484 1249 illa
505 1212 647 1267 atque
678 1203 820 1249 etiam
843 1203 1014 1249 iterum
1037 1203 1181 1249 altera
1203 1203 1331 1263 vice,
1359 1203 1407 1249 in
1431 1203 1659 1250 comitatu

254 1279 573 1343 Burgundiae’.
613 1283 681 1327 Ita
711 1280 844 1344 quod
881 1295 1053 1344 magna
1086 1280 1304 1344 profecto
1339 1279 1588 1347 infelicitas
1615 1289 1662 1326 et

254 1357 478 1419 angustiae
502 1356 660 1405 multae
689 1367 791 1404 tum
826 1357 1223 1421 Burgundionum
1246 1358 1445 1418 ducem,
1482 1368 1662 1421 terras·-

255 1449 348 1497 que
370 1443 418 1480 et
437 1433 654 1482 subditos
675 1451 785 1482 suos
810 1434 1087 1482 atterebant.

322 1513 379 1557 Et
410 1511 541 1576 quod
571 1529 670 1559 non
706 1529 876 1576 parum
905 1512 1222 1560 calamitatem
1245 1512 1510 1576 adaugebat
1529 1549 1540 1570 ‚
1573 1529 1662 1560 nec

257 1585 507 1643 nuntium,
543 1601 632 1633 nec
660 1586 912 1651 epistolas,
950 1602 1009 1637 eo
1034 1585 1166 1650 quod
1202 1585 1358 1632 aditus
1398 1603 1566 1633 omnes
1602 1587 1664 1634 ad

257 1661 512 1726 petendam
531 1663 853 1727 Burgundiam
874 1663 935 1710 ab
950 1663 1168 1721 hostibus
1186 1663 1364 1711 obsessi
1390 1673 1437 1710 et
1460 1663 1663 1712 obserati

257 1751 587 1800 servarentur,
632 1752 684 1789 ut
721 1742 793 1788 vel
834 1742 1018 1789 animos
1058 1759 1256 1789 suorum
1295 1740 1580 1790 confirmare
1619 1752 1666 1789 et

256 1817 512 1876 consolari,
533 1819 605 1866 vel
623 1828 892 1884 opportuna
919 1814 986 1865 eis
1007 1819 1204 1866 consilia
1226 1828 1307 1866 aut
1322 1818 1532 1866 subsidia
1553 1835 1668 1884 prae-

257 1892 371 1939 bere
399 1903 587 1958 posset,
625 1910 714 1940 nec
750 1894 830 1940 illo
860 1894 1046 1941 mittere
1065 1930 1077 1952 ,
1109 1910 1198 1940 nec
1219 1894 1323 1940 vice
1351 1909 1485 1941 versa
1518 1894 1630 1941 inde
1652 1929 1665 1952 ,

258 1971 346 2018 nisi
373 1987 483 2018 cum
508 1972 725 2018 maximis
753 1971 973 2035 periculis
999 1980 1046 2018 et
1067 1970 1428 2018 difficultatibus
1444 2008 1457 2032 ,
1481 1980 1669 2035 poterat

259 2048 488 2112 accipere.
527 2049 622 2105 Qui
661 2049 790 2095 enim
833 2047 1130 2112 deprehendi
1164 2057 1414 2112 poterant,
1459 2064 1540 2095 seu
1587 2048 1668 2094 illo

260 2133 425 2170 euntes
445 2157 458 2175 ‚
483 2140 564 2170 seu
593 2124 705 2171 inde
728 2135 1016 2172 revertentes
1034 2162 1045 2183 ,
1078 2124 1257 2188 absque
1286 2124 1381 2172 ulla
1403 2125 1671 2172 misericor-

263 2198 342 2245 dia
387 2199 679 2247 necabantur
727 2203 789 2247 ab
829 2201 1066 2248 hostibus.
1106 2201 1343 2248 Deficiens
1379 2202 1559 2267 quippe
1607 2203 1669 2250 ab

262 2275 362 2338 ejus
390 2276 595 2322 amicitia
630 2276 930 2340 Lotharingia
958 2295 1070 2324 cum
1095 2295 1182 2325 suo
1213 2278 1336 2326 duce
1354 2316 1366 2337 ,
1399 2296 1503 2342 quae
1526 2280 1670 2344 paulo

263 2363 372 2400 ante
401 2364 446 2401 et
473 2355 623 2401 amica
653 2364 699 2401 et
728 2355 889 2419 pervia
921 2356 1017 2402 suis
1051 2355 1199 2402 libere
1226 2357 1483 2415 exstiterat,
1511 2357 1558 2403 in
1583 2357 1671 2404 has

265 2447 375 2477 eum
396 2441 537 2495 atque
556 2448 668 2479 suos
690 2431 1006 2479 detrudebant
1027 2434 1281 2496 angustiaS,
1299 2443 1546 2498 terrasque
1563 2451 1672 2482 suas

264 2580 266 2583 ¹
322 2592 359 2631 1.
388 2593 442 2628 Le
461 2580 611 2630 diocese
633 2590 681 2629 de
702 2593 912 2641 Besancon.

319 2649 360 2686 2.
390 2651 514 2699 Ayant
548 2651 767 2688 commence
794 2665 864 2702 par
897 2651 1062 2703 prendre
1093 2652 1270 2690 Blamont
1307 2665 1384 2690 aux
1414 2652 1597 2690 environs
1628 2650 1675 2688 de

267 2706 550 2756 Montbelliard,
570 2708 616 2746 ils
635 2711 896 2748 s'avancercnt
909 2710 1062 2761 jusqu'a
1080 2711 1283 2749 Hericourt
1300 2709 1565 2758 (aujourd’hui
1582 2709 1676 2746 dans

268 2769 618 2808 l’arroudissement
636 2770 684 2808 de
707 2772 882 2820 Vesoul),
902 2775 952 2810 οὺ
971 2773 1018 2810 ils
1035 2772 1216 2810 battirent
1234 2772 1272 2811 la
1292 2772 1471 2810 noblesse
1494 2773 1546 2808 du
1566 2782 1673 2820 pays.

271 2829 501 2877 Commines,
521 2829 548 2867 l.
567 2832 633 2878 IV,
653 2843 688 2868 c.
709 2844 754 2868 u.
796 2867 798 2869 .
