2054 3470
378 310 431 348 42
745 306 1087 345 HISTORIARUM
1110 305 1348 344 LUDovlcl
1373 306 1430 343 XI

377 414 433 446 ac
454 396 688 447 siluerunt
702 397 731 457 ¹,
757 394 1025 461 quibusque
1051 393 1243 441 tributis
1277 395 1376 459 regi
1398 394 1578 460 placuit
1603 394 1792 444 easdem

377 491 604 536 onerare,
627 473 892 522 servierunt
911 491 922 519 z
942 471 1086 537 longe
1109 471 1245 519 aliter
1264 472 1480 537 profecto
1496 471 1795 538 nimiumque

376 551 667 615 dissimiliter
689 566 836 616 quam
859 549 992 597 mitia
1015 549 1137 615 regis
1156 549 1305 597 verba
1324 550 1512 597 noviter
1534 549 1795 599 adventan-

377 629 435 677 tis
463 629 762 678 habuissent.
790 631 910 675 Nam
932 644 1045 675 cum
1062 663 1075 687 ‚
1099 627 1161 675 de
1184 644 1313 676 anno
1343 628 1392 675 in
1416 644 1598 676 annum
1615 666 1628 688 ‚
1658 645 1796 678 novae

377 724 452 756 res
488 723 712 772 novaque
742 705 867 753 bella
882 741 894 764 ‚
930 705 1138 771 ipsomet
1179 715 1466 771 procurante
1498 721 1554 752 ac
1597 720 1795 771 operam

376 786 539 849 dante,
564 786 655 835 sibi
677 785 1031 848 immergerent,
1056 800 1118 831 eo
1142 799 1293 848 usque
1316 783 1629 831 collationum
1650 793 1796 849 atque

375 863 676 929 vectigalium
719 877 866 909 onera
902 860 1095 908 adauxit
1126 870 1208 922 ut,
1246 859 1368 908 infra
1397 876 1579 926 paucos
1613 871 1792 918 annos,

376 957 520 1007 supra
551 941 738 989 tertiam
765 948 951 1004 partem
985 937 1088 1002 ejus
1114 937 1389 1003 quantitatis
1409 953 1556 1003 quam
1578 951 1691 985 suus
1715 947 1795 1002 ge-

375 1019 505 1067 nitor
525 1035 741 1084 unquam
761 1025 1030 1081 acceperat,
1054 1025 1157 1064 toto
1171 1032 1320 1081 regno
1337 1025 1643 1064 excresceret.

843 1261 1185 1308 CAPITULUM
1222 1261 1326 1307 XII.

376 1399 429 1432 De
452 1397 558 1432 variis
581 1396 814 1445 legationibus
839 1408 883 1431 ex
903 1396 1143 1443 potentatibus
1169 1395 1280 1431 Imliae
1301 1395 1413 1430 missis
1437 1394 1484 1430 ad
1505 1393 1797 1431 consalutandum

448 1464 584 1487 novum
602 1463 736 1499 regem,
752 1459 788 1486 et
802 1449 847 1485 de
862 1449 994 1485 foedere
1013 1450 1103 1485 inito
1121 1461 1186 1497 per
1200 1462 1284 1484 eum
1299 1461 1382 1484 cum
1403 1447 1495 1484 duce
1514 1445 1724 1485 Mediolani.

440 1570 673 1618 Miserunt
693 1578 856 1618 autem
891 1569 955 1617 ad
984 1585 1096 1617 eum
1128 1567 1474 1617 honorandum
1497 1567 1800 1616 consalutan-

375 1648 592 1714 dumque
614 1650 645 1710 ²,
682 1648 844 1696 statim
890 1657 943 1695 ut
979 1647 1029 1694 in
1066 1663 1252 1694 novum
1288 1638 1453 1711 regem*
1489 1644 1797 1694 sublimatum

375 1743 489 1774 eum
519 1725 877 1787 intellexerunt,
908 1724 1168 1789 legationes
1198 1722 1439 1771 solemnes
1482 1722 1582 1771 dux
1619 1721 1799 1769 Medio-

375 1803 526 1862 lani⁸,
552 1805 946 1866 Venetorumque
985 1801 1374 1848 Florentinorum
1415 1810 1558 1865 atque
1595 1802 1800 1846 Januen-

376 1880 500 1927 sium
524 1880 891 1927 communitates
906 1915 918 1938 ‚
943 1892 1148 1942 quarum
1167 1877 1335 1941 aliquae
1350 1877 1493 1924 etiam
1514 1892 1599 1924 sua
1622 1874 1798 1923 foedera

375 1957 579 2006 libenter
602 1957 946 2015 invenissent⁴3
968 1955 1054 2003 sed
1082 1972 1218 2016 cum,
1244 1954 1381 2002 brevi
1400 1954 1589 2001 morula
1609 1962 1799 2019 tempo-

430 2099 468 2137 1.
496 2096 530 2135 Il
547 2106 571 2148 y
593 2103 660 2134 eut
679 2094 899 2146 cependant
926 2093 1095 2145 quelque
1113 2092 1231 2130 chose
1257 2093 1279 2130 ὲ
1300 2094 1429 2139 Laon,
1450 2090 1549 2129 ainsi
1566 2091 1687 2142 qu’on
1706 2093 1802 2142 peut

375 2156 547 2196 l’inferer
563 2154 659 2210 d'un
679 2153 896 2193 inventaire
914 2152 963 2191 de
982 2151 1135 2205 papiers
1157 2150 1352 2189 d’affaires
1369 2150 1501 2189 dressc
1519 2163 1569 2189 en
1589 2151 1687 2188 1461
1708 2151 1800 2199 (Re-

375 2217 477 2258 cueil
507 2217 557 2256 de
584 2215 765 2268 Legrand
795 2216 818 2253 a
848 2214 887 2252 la
911 2212 1012 2253 Bibl.
1041 2213 1170 2265 imp.).
1199 2214 1260 2251 On
1291 2225 1317 2263 y
1336 2211 1381 2250 lit
1405 2224 1470 2250 ces
1495 2210 1600 2250 deux
1615 2210 1768 2249 articles
1784 2228 1795 2250 :

380 2297 398 2314 ιι
419 2280 740 2317 Remonstrances
759 2275 870 2314 faites
888 2276 911 2312 ὲ
927 2287 1027 2313 ceux
1045 2273 1094 2311 de
1114 2275 1221 2311 Laon
1233 2303 1243 2322 ‚
1263 2271 1447 2310 touchant
1465 2284 1542 2314 une
1559 2269 1798 2309 commocion

376 2336 528 2376 arrivee
544 2336 638 2375 chez
653 2348 730 2374 eux
739 2364 750 2382 ,
765 2333 928 2386 escripte
947 2333 996 2371 de
1015 2333 1052 2372 la
1064 2332 1168 2371 main
1181 2331 1235 2370 du
1245 2330 1477 2369 chancellier
1489 2330 1538 2369 de
1550 2329 1794 2368 Morvilliers.

377 2399 494 2446 Item,
515 2395 704 2434 memoire
731 2394 860 2433 donne
887 2406 958 2445 par
978 2393 1014 2432 le
1032 2392 1152 2444 bailly
1170 2392 1219 2431 de
1235 2391 1489 2431 Vermandois
1505 2392 1528 2429 ὲ
1543 2392 1638 2428 ΜΜ.
1658 2389 1696 2428 le
1718 2402 1798 2428 ma-

378 2456 526 2495 reschal
546 2463 584 2494 et
606 2454 788 2493 tresorier
799 2456 971 2500 Bureau‚
986 2466 1053 2492 sur
1070 2465 1240 2492 aucunes
1258 2450 1468 2490 rebellions
1486 2450 1597 2488 faites
1614 2449 1800 2488 touchant

375 2511 433 2555 les
452 2515 571 2568 aydes
589 2528 639 2554 en
652 2513 832 2554 Laonois.
853 2529 870 2547 »ν

431 2577 471 2614 2.
501 2578 557 2615 Le
591 2588 665 2615 ms,
698 2575 827 2613 donne
864 2573 979 2626 apres
1013 2574 1397 2623 consalutandumque
1436 2569 1493 2608 les
1530 2577 1631 2608 mots
1669 2582 1798 2606 novum

378 2649 502 2687 regem
514 2664 526 2683 ,
557 2635 624 2687 qui
661 2647 702 2674 se
732 2642 916 2673 trouvent
946 2646 1089 2672 encore
1122 2641 1160 2672 et
1191 2631 1281 2685 plus
1309 2629 1605 2671 naturellement
1637 2628 1733 2668 dans
1760 2628 1799 2667 le

378 2693 554 2734 membre
568 2695 618 2733 de
636 2694 775 2747 phrase
793 2693 860 2745 qui
878 2693 968 2732 suit.

435 2758 472 2795 3.
505 2755 620 2793 Alors
637 2753 823 2805 Francois
838 2754 988 2800 δῖοι-οε,
1008 2751 1064 2790 dit
1078 2751 1116 2790 le
1132 2751 1279 2791 Grand.

435 2817 476 2856 4.
505 2813 722 2854 Chastelain
735 2844 745 2864 ,
769 2812 866 2851 dont
886 2812 924 2852 le
948 2811 1190 2864 temoignage
1210 2820 1268 2849 est
1292 2809 1384 2849 bien
1403 2808 1491 2861 plus
1512 2805 1796 2854 considerable,
