2054 3470
702 324 847 359 LIBER
874 323 1092 360 TERTIUS.
1529 326 1603 361 247

198 428 308 461 cum
341 414 593 475 Margareta
612 447 624 468 ,
661 418 810 455 matre
852 425 937 455 sua
954 446 966 467 ‚
1009 408 1137 474 apud
1179 426 1229 456 se
1265 421 1500 457 manserat
1547 412 1604 458 ad

199 487 555 536 auscultandum
598 495 644 532 et
682 485 1028 550 explorandum
1073 486 1235 549 quales
1274 486 1517 533 successus
1558 488 1606 533 in

200 565 363 629 Anglia
384 564 535 611 dictus
559 566 628 608 W
625 561 782 607 arviclz
812 562 1066 617 inveniret,
1098 561 1252 608 foedus
1280 561 1398 608 illud
1426 562 1610 624 insigne

197 652 245 689 et
270 641 507 705 egregium
522 639 769 704 percussit,
791 638 852 686 de
872 655 970 702 quo
983 639 1080 702 jam
1102 638 1249 684 locuti
1265 655 1429 686 sumus
1443 676 1454 698 ,
1478 655 1611 686 men-

161 742 167 749 ·
198 721 258 767 sis
291 719 508 766 videlicet
545 716 816 764 novembris
853 717 930 763 die
965 717 1189 763 vicesima
1225 725 1392 763 octava
1429 734 1440 762 ε
1477 717 1610 780 quod

198 807 352 845 tamen
376 805 567 843 auctore
594 795 844 854 Warvich,
882 804 933 841 ut
961 794 1203 853 diximUS‚.
1223 804 1270 840 et
1301 794 1536 841 cuditum¹
1564 804 1610 840 et

197 874 500 932 fabrefactum
532 873 790 929 exstiterat,
829 881 1087 936 antequam
1125 888 1180 919 ex
1216 871 1454 919 littoribus
1488 874 1606 918 Nor-

197 951 397 999 manniae
416 949 519 998 vela
537 950 731 1008 faceret,
757 951 805 997 in
831 951 1043 1012 Angliam
1065 950 1384 1014 trajecturus².

662 1142 997 1187 CAP1TULUM
1041 1143 1097 1187 Vt
1103 1143 1138 1187 l.

279 1271 473 1316 Quomodo
490 1270 658 1306 Edoardo
673 1273 791 1318 pulso,
810 1272 924 1306 statim
942 1284 1004 1306 rex
1020 1270 1194 1318 oppidum
1218 1271 1522 1314 Sancti-Quintini

420 1335 454 1360 et
476 1326 747 1360 Ambianensem
762 1322 965 1375 [civitatem]
988 1323 1231 1359 fraudulenter
1246 1324 1391 1370 recepit.

263 1447 406 1510 Igitur
434 1445 764 1509 hujuscemodi
795 1455 1043 1493 contracto
1075 1455 1120 1492 et
1154 1445 1372 1492 absoluto
1404 1445 1605 1507 foedere,

198 1522 344 1570 veluti
360 1524 459 1587 jam
483 1523 690 1587 quadam
719 1524 820 1588 spei
843 1522 1150 1583 certitudine,
1178 1539 1259 1568 rex
1284 1524 1384 1587 ipse
1407 1526 1611 1570 Franco-

199 1617 321 1659 rum,
344 1601 442 1646 voti
464 1600 536 1647 sui
558 1617 757 1665 compos
775 1617 1063 1664 securusque
1082 1599 1250 1660 factus,
1272 1600 1473 1646 tentavit
1490 1600 1612 1647 fmu-

198 1676 337 1724 dibus
367 1687 508 1742 atque
538 1677 659 1725 dolis
689 1678 901 1725 civitates
931 1688 978 1725 et
1009 1677 1212 1743 oppida,
1250 1693 1354 1741 quae
1383 1678 1611 1727 viciniora

196 1754 331 1800 terris
367 1755 463 1801 suis
506 1755 898 1819 Burgundionum
938 1755 1033 1801 dux
1075 1754 1266 1802 tenebat
1304 1771 1446 1820 supra
1485 1756 1612 1820 ripas

196 1831 492 1890 Summonae,
517 1830 605 1877 sibi
637 1832 905 1895 acquirere,
937 1841 983 1878 et
1015 1832 1142 1878 cives
1176 1831 1420 1890 locorum,
1446 1832 1529 1894 qui
1561 1841 1611 1877 ut

195 1905 456 1971 plurimum
487 1908 596 1955 satis
625 1908 686 1954 ad
718 1908 813 1955 hoc
841 1907 971 1955 affici·
988 1908 1324 1968 noscebantur,
1351 1908 1413 1955 ad
1436 1909 1610 1955 facien-

196 1983 307 2031 dam
338 1984 652 2031 defectionem
685 1985 924 2032 sollicitari
953 1985 1104 2032 facere
1128 1995 1174 2032 et
1198 1985 1257 2031 ad
1279 2002 1328 2032 se
1352 1994 1611 2032 transeun-

198 2059 330 2108 dum.
349 2065 510 2125 Neque
533 2064 659 2110 enim
682 2064 844 2110 castris
863 2073 908 2110 et
929 2080 1171 2110 armorum
1193 2064 1402 2128 potentia
1416 2099 1428 2121 ‚
1455 2079 1610 2126 neque

197 2137 567 2186 diffidationibus
609 2149 656 2187 et
685 2141 1124 2188 denuntiationibus
1158 2141 1427 2188 hostilitatis
1468 2135 1611 2205 atque

199 2214 431 2264 inserendi
455 2217 566 2264 belli
591 2217 748 2281 palam
773 2217 905 2264 factis
928 2218 1080 2281 (quod
1111 2218 1172 2264 de
1189 2218 1296 2281 jure
1319 2219 1532 2281 gentium
1564 2229 1611 2265 et

200 2293 397 2341 naturali
432 2294 643 2358 quodam
682 2295 830 2341 modo
869 2295 1083 2357 exsistit),
1125 2295 1335 2342 civitates
1364 2304 1412 2342 et
1433 2296 1612 2360 oppida

201 2369 412 2433 subigere
436 2371 738 2432 attentabat³3
765 2372 848 2419 sed
866 2372 1218 2436 proditionibus
1237 2383 1283 2420 et
1306 2373 1505 2420 occultis
1523 2374 1612 2419 do-

254 2507 291 2542 1.
326 2508 501 2556 Cuditus,
522 2510 700 2559 cudatus,
722 2511 882 2555 cuditio,
905 2517 992 2545 sont
1010 2507 1206 2558 frequents
1224 2508 1318 2546 dans
1338 2507 1375 2546 la
1392 2508 1538 2546 latinite
1558 2508 1609 2545 du

203 2578 341 2616 moyen
361 2568 452 2618 age,
473 2576 510 2606 et
527 2571 650 2607 meme
669 2569 868 2608 consacres
888 2582 936 2606 en
957 2576 1076 2606 terme
1095 2567 1143 2605 de
1161 2581 1418 2619 monnayage.

254 2625 294 2663 2.
321 2626 454 2672 Quelle
476 2640 551 2677 que
575 2629 647 2666 soit
672 2629 904 2667 l'assurance
929 2642 1022 2666 avec
1050 2627 1216 2678 laquelle
1243 2628 1410 2666 l'auteur
1430 2628 1609 2666 continue

201 2681 425 2730 d’affirmer‚
458 2687 537 2723 ceci
560 2686 784 2725 neanmoins
814 2687 969 2725 modifie
1000 2687 1315 2740 singulierement
1341 2701 1411 2726 son
1443 2688 1612 2739 premier

206 2739 303 2778 dire.
325 2744 421 2792 Voy.
447 2743 650 2792 ci-dessus,
667 2759 708 2796 p.
733 2748 823 2785 228.

256 2803 293 2837 3.
324 2805 378 2839 La
396 2814 532 2853 guerre
549 2803 705 2854 pouvait
722 2818 851 2854 passer
866 2797 967 2856 pour
986 2805 1159 2843 declaree
1174 2805 1286 2856 apres
1304 2805 1340 2843 la
1356 2805 1521 2855 reponse
1535 2817 1611 2855 que
