2054 3470
396 352 471 388 106
755 349 1097 398 HISTORIARUM
1122 349 1359 389 LUDOVICI
1385 350 1443 387 XI

393 439 531 487 fuisse
551 439 890 499 intentionem,
920 437 1320 502 detestandosque
1344 454 1444 485 esse
1467 454 1549 486 eos
1577 442 1660 503 qui
1688 440 1802 489 tales

391 527 589 565 conatus
616 518 819 583 aggressi
845 527 977 576 sunt,
1010 534 1132 582 quos
1161 517 1354 564 minime
1376 527 1637 582 potuerunt
1658 518 1800 583 perfi-
1842 562 1846 566 .

390 612 519 654 cere,
557 605 638 643 aut
673 595 816 657 forte,
856 595 1034 643 malitia
1069 612 1154 643 sua
1187 595 1409 657 faciente,
1445 612 1534 643 nec
1567 596 1678 644 satis
1712 613 1799 644 vo-

389 672 596 720 luerunt.
1631 678 1638 690 ’

454 751 640 809 Quibus
661 752 772 799 satis
791 751 842 797 in
862 750 956 797 hoc
977 749 1322 814 acquiescimus
1342 750 1475 816 quod
1495 768 1620 813 rem,
1650 768 1795 816 quam

387 827 670 875 inchoarant
690 828 811 892 (esto
835 826 965 891 quod
990 826 1280 887 inconsulte,
1308 837 1354 874 et
1377 827 1508 875 bona
1533 838 1675 893 atque
1699 829 1795 876 sin-

387 919 496 950 cera
529 904 820 963 intentione,
857 902 1126 967 aliquorum
1165 911 1326 949 tamen
1363 913 1530 967 agente
1567 903 1791 970 perfidia,

387 982 486 1046 qui,
507 998 611 1046 quae
629 998 711 1029 sua
734 991 845 1028 sunt
867 990 1127 1045 quaerentes
1148 990 1195 1027 et
1216 997 1314 1027 non
1338 981 1606 1046 reipublicae
1627 983 1797 1031 sanita-

386 1070 479 1108 tem
503 1071 645 1126 atque
666 1060 1067 1121 incolumitatem,
1093 1075 1121 1107 a
1139 1059 1272 1106 bono
1295 1069 1341 1106 et
1363 1070 1526 1107 sancto
1549 1062 1795 1126 proposito

385 1137 588 1185 aliorum
613 1148 660 1185 et
683 1138 926 1185 consortio
949 1136 1245 1197 deficientes,
1278 1147 1325 1183 et
1349 1137 1562 1199 invidiae,
1592 1148 1796 1203 quaestus

385 1224 526 1279 atque
545 1216 752 1263 avaritiae
770 1224 815 1262 et
830 1214 1102 1262 ambitionis
1120 1214 1299 1261 facibus
1317 1215 1520 1276 accensi,
1540 1215 1590 1261 in
1610 1224 1795 1280 partem

383 1294 671 1341 contrariam
694 1303 991 1340 accesserunt
1014 1292 1132 1339 boni
1159 1303 1204 1340 et
1226 1293 1385 1356 justi),
1411 1293 1608 1340 minime
1628 1302 1796 1358 potue-

383 1381 497 1418 runt
524 1371 586 1418 ad
611 1371 832 1419 effectum
861 1370 1139 1435 perducere.
1169 1373 1302 1428 Quos
1331 1379 1488 1416 tamen
1517 1386 1618 1417 non
1644 1371 1802 1435 frop-⁴

384 1458 510 1495 terea
543 1447 743 1511 injustos
776 1447 915 1494 suisse
949 1448 1358 1510 consenserimus,
1395 1447 1555 1512 quod,
1595 1447 1810 1514 exszpbstk

383 1526 514 1572 facto>
529 1525 742 1572 videntes
771 1525 997 1572 fructum¹
1018 1542 1114 1572 suae
1135 1525 1275 1572 bonae
1299 1525 1576 1572 intentionis
1598 1526 1794 1574 minime

381 1603 636 1667 consequi,
670 1619 759 1650 nec
790 1602 935 1649 totius
965 1603 1182 1667 corporis
1212 1602 1483 1667 reipublicae
1513 1603 1795 1667 gravissimae

381 1681 681 1728 invalitudini
714 1681 957 1728 subveniri
996 1690 1110 1727 tunc
1141 1697 1304 1746 posse,
1339 1681 1483 1745 partis
1515 1681 1680 1728 saltem
1712 1682 1795 1730 ali-

380 1759 515 1823 cujus
538 1758 750 1805 remedio
778 1768 920 1822 atque
942 1756 1131 1805 utilitati
1153 1767 1515 1822 prospexerunt.
1704 1823 1706 1825 V

445 1837 587 1894 Quod
637 1846 796 1884 autem
840 1835 1101 1883 damnandi
1139 1837 1232 1883 sint
1277 1835 1359 1899 qui
1402 1834 1532 1882 hona
1574 1844 1622 1883 et
1665 1835 1794 1884 utilia

381 1915 720 1977 aggrediuntur
754 1914 932 1974 facere,
972 1912 1130 1977 quod,
1165 1921 1334 1975 praeter
1367 1928 1538 1959 eorum
1569 1912 1792 1960 intentio-

382 2009 516 2053 nem,
550 1992 755 2056 plurima
788 1991 900 2039 inde
934 1991 1059 2038 mala
1094 1988 1452 2037 occasionaliter
1483 1990 1788 2054 proveniant,

381 2070 464 2133 qui
503 2069 569 2115 sic
605 2069 862 2129 dicerent’,
904 2067 1072 2133 procul
1106 2066 1281 2125 dubio,
1319 2076 1372 2113 ut
1405 2077 1594 2114 sanctus
1630 2071 1793 2115 Petrus

379 2147 559 2210 inquit,
598 2146 843 2193 nationem
875 2144 1172 2191 infinitorum
1209 2144 1296 2190 Dei
1328 2143 1538 2191 filiorum
1562 2145 1791 2209 reproba-

381 2233 501 2283 rent,
527 2233 574 2270 et
593 2223 938 2270 catholicorum
958 2221 1211 2268 doctorum
1236 2222 1478 2268 sententiis
1495 2231 1655 2287 aperte
1675 2238 1792 2268 con-

382 2301 682 2348 tradicerent.
728 2300 845 2358 Quis
894 2299 1022 2346 enim
1066 2298 1392 2358 damnandos,
1444 2299 1535 2345 nisi
1587 2299 1787 2346 omniuo

379 2381 684 2445 blasphemus
717 2391 764 2428 et
796 2396 992 2445 prorsus
1024 2378 1207 2426 alienus
1239 2395 1268 2426 a
1297 2379 1518 2437 veritate,
1555 2379 1789 2427 existimffi

380 2459 498 2506 verit
519 2458 836 2506 sanctissimos
860 2456 1102 2521 apostolos
1124 2467 1172 2503 et
1192 2455 1478 2520 apostolicos
1501 2455 1653 2517 viros,
1680 2457 1787 2520 qui,

380 2535 683 2601 praedicando
719 2534 1017 2598 evangelium
1059 2532 1234 2580 Christi
1271 2533 1502 2598 perversis
1542 2532 1786 2597 gentibus,

383 2615 430 2661 in
454 2614 520 2661 eis
547 2629 647 2660 non
674 2611 821 2659 modo
848 2612 1053 2659 fructum
1074 2610 1259 2658 nullum
1285 2611 1608 2658 conversionis
1628 2611 1790 2676 acqui-

435 2796 473 2831 1.
504 2783 678 2831 firactum
699 2791 793 2830 dans
814 2791 850 2830 le
869 2803 941 2829 ms.

427 2855 468 2893 2.
503 2852 684 2890 Deberem
701 2851 795 2889 dans
815 2850 851 2888 le
868 2863 940 2888 ms.

2044 3369 2054 3470 nnn—un.-
