2054 3470
382 329 431 365 90
742 328 1083 366 HISTORIARUM
1109 329 1346 374 LUDOVICI
1372 330 1430 367 xl

382 416 502 481 regis
523 414 586 464 ad
607 411 735 463 diem
756 426 1057 480 sequentem,
1081 417 1214 481 juxta
1235 431 1291 463 ea
1312 432 1417 480 quae
1442 416 1784 477 insinuaverat,

382 493 684 560 operiebatur
724 493 998 541 adventum.
1047 496 1149 558 lpse
1193 502 1350 541 autem
1395 493 1788 557 Burgundionum

382 570 475 618 dux
490 607 503 630 ,
534 571 629 618 hoc
654 570 824 617 nuntio
849 579 1043 635 accepto
1060 607 1071 629 ,
1103 587 1203 616 non
1231 570 1485 618 immemor
1510 569 1789 617 insidiarum

381 658 428 696 et
440 647 540 695 doli
556 647 729 712 quibus
743 648 927 711 genitor
943 663 1055 694 suus
1070 647 1220 694 fuerat
1233 648 1558 712 interemptus,
1574 656 1790 694 metuens

383 742 443 773 ne
475 736 522 772 et
550 724 665 786 sibi,
701 722 1107 788 quemadmodum
1140 725 1282 771 unico
1319 725 1419 788 ejus
1451 724 1576 783 filio,
1610 724 1790 773 insidiae

383 803 559 868 pariter
593 801 918 862 tenderentur,
959 818 1058 848 non
1098 811 1367 866 exspectato
1397 802 1519 866 regis
1546 800 1786 864 adventu,

384 880 545 927 relicto
580 879 815 936 Hesdino,
852 878 1056 925 Insulas¹
1087 888 1158 926 est
1191 878 1447 944 profectus.
1481 881 1601 925 Cum
1630 888 1791 926 autem

384 957 483 1020 ejus
505 973 739 1004 recessum
765 973 845 1002 rex
875 956 1194 1018 cognovisset,
1225 956 1365 1004 simul
1394 957 1537 1003 etiam
1567 955 1698 1019 quod
1730 956 1791 1004 de

383 1033 587 1094 insidiis,
618 1050 723 1098 quae
750 1033 915 1079 comiti
943 1033 1002 1079 de
1032 1033 1277 1079 Charolois
1304 1043 1476 1098 paratae
1503 1033 1710 1092 fuerant,
1743 1043 1791 1080 et

383 1111 603 1176 captione
626 1109 835 1157 Bastardi
858 1109 918 1156 de
943 1108 1210 1173 Rubempre'
1229 1126 1424 1157 currens
1455 1109 1635 1174 ubique
1665 1109 1791 1157 fama

384 1204 469 1236 ora
499 1188 719 1235 omnium
748 1187 1034 1251 compleret,
1069 1186 1263 1234 dimissa
1293 1185 1525 1244 Picardia,
1561 1186 1612 1232 in
1644 1189 1791 1234 Fran-

384 1265 530 1324 ciam,
555 1264 777 1322 Turonis,
805 1272 872 1310 est
895 1279 1110 1310 reversus
1121 1265 1150 1308 ².

836 1489 1170 1535 CAPITULUM
1203 1489 1366 1533 XXVI.

386 1627 438 1661 De
453 1624 625 1672 legatione
644 1636 666 1658 a
682 1636 764 1670 rege
779 1623 882 1658 missa
899 1622 944 1658 ad
962 1623 1164 1671 Philippum
1174 1650 1185 1668 ,
1198 1623 1411 1672 Burgundiae
1433 1623 1581 1670 ducem;
1599 1633 1634 1660 et
1657 1626 1795 1662 comitis

433 1679 478 1715 de
498 1673 699 1722 'ssav-oleis,
726 1677 791 1714 filii
812 1678 889 1722 sui,
909 1690 1031 1713 coram
1054 1688 1153 1726 patre
1178 1691 1243 1714 suo
1263 1679 1507 1722 accusatione,
1530 1678 1709 1726 ipsiusque
1730 1679 1796 1715 filii

433 1732 661 1780 responsione
674 1740 778 1778 atque
793 1730 1010 1767 defensione.

452 1856 557 1899 Non
582 1852 734 1898 multo
755 1861 880 1916 post,
907 1852 1098 1898 mittens
1120 1868 1201 1897 rex
1222 1851 1508 1914 legationem
1530 1850 1792 1900 solemnem

387 1930 449 1978 ad
476 1929 650 1976 ducem
675 1928 995 1991 Burgundiae’,
1021 1944 1212 1974 omnem
1240 1927 1519 1974 insidiarum
1537 1936 1585 1974 et
1600 1927 1699 1974 doli
1718 1945 1795 1975 su-

387 2007 651 2072 spicionem
678 2005 859 2051 diluere
879 2002 1159 2051 conabatur.
1182 2007 1392 2050 Fuerunt
1417 2004 1465 2050 in
1484 2020 1542 2051 ea
1559 2003 1794 2067 legatione

387 2100 547 2132 comes
576 2083 636 2129 de
662 2083 833 2144 Augo‘,
863 2081 1249 2146 archiepiscopus
1276 2080 1616 2128 Narbonensis‘
1640 2091 1686 2129 et
1708 2099 1795 2129 ve-

386 2159 611 2209 nerabilis
644 2160 742 2217 vir,
781 2157 1009 2204 dominus
1045 2160 1208 2204 Petrus
1242 2157 1302 2204 de
1344 2157 1616 2217 Moruillier,
1651 2175 1795 2223 quem

386 2237 722 2286 cancellarium
740 2235 943 2282 Franciae
961 2235 1285 2295 constituerat,
1310 2245 1473 2282 amoto
1494 2234 1589 2282 alio
1607 2235 1692 2299 qui
1712 2235 1796 2283 diu

387 2316 437 2363 in
461 2331 519 2362 eo
539 2313 699 2361 officio
719 2312 984 2359 servivisset
1000 2311 1121 2376 patri
1141 2313 1266 2358 suo‘.
1290 2314 1378 2359 Per
1399 2328 1481 2359 eos
1505 2311 1648 2375 igitur
1671 2311 1796 2375 lega-

443 2461 481 2497 1.
511 2457 639 2495 Plutot
662 2458 844 2505 Insulam,
867 2454 983 2494 Lille.

442 2520 482 2557 2.
512 2518 723 2567 Comparer
748 2516 784 2553 le
811 2514 905 2553 recit
931 2513 1020 2552 bien
1037 2513 1124 2565 plus
1147 2520 1258 2551 exact
1285 2511 1332 2551 de
1361 2514 1532 2566 Georges
1562 2511 1793 2552 Chastellain

388 2581 479 2627 (1110
496 2576 633 2630 partie,
653 2575 716 2615 ch.
736 2577 887 2622 xxxIx).

517 2639 623 2674 Dans
644 2635 699 2673 les
719 2633 905 2686 premiers
921 2633 1029 2681 jours
1047 2631 1095 2670 de
1112 2630 1324 2670 novembre
1346 2632 1466 2669 1464.

516 2694 672 2734 Char-les
695 2693 876 2741 d'Artois‚
897 2700 1022 2735 comte
1044 2691 1155 2729 d’Eu.

517 2753 651 2794 C'etait
671 2766 725 2791 un
743 2751 940 2792 Normand
959 2750 1094 2802 appele
1114 2748 1275 2787 Antoine
1294 2748 1346 2787 du
1365 2748 1635 2800 Bec-Crespin.

479 2846 486 2852 .
517 2815 614 2863 Voy.
638 2810 843 2857 ci-dessus‚
862 2824 902 2862 p.
924 2812 990 2849 25.

446 2640 487 2851 aas?
