2054 3470
406 329 455 365 94
769 331 1107 368 HISTORIARUM
1133 331 1368 370 LUDOVICI
1394 332 1450 369 XI

406 417 541 463 nium
556 410 696 464 suuni
712 417 867 481 (quod
883 434 990 465 acre
1005 418 1199 482 quidem
1217 427 1263 465 et
1282 419 1518 467 variarum
1536 431 1812 486 promptum

405 510 460 542 ac
478 494 611 542 facile
627 495 982 557 inventionum,
1005 495 1087 543 sed
1107 511 1276 560 parum
1293 495 1383 543 sibi
1399 506 1622 545 constans
1637 497 1812 547 habere

406 572 665 637 ferebatur)
699 573 965 638 expendere
993 590 1091 620 non
1116 574 1348 635 cessabat,
1375 574 1437 621 ad
1460 575 1814 624 conciliandum

403 650 510 712 sibi,
536 651 574 697 si
590 666 688 714 quo
705 650 853 697 modo
870 660 1046 716 posset,
1070 651 1242 697 ducem
1266 652 1533 714 Britanniae,
1555 670 1641 718 per
1655 653 1814 718 plures

405 727 662 791 legationes
690 727 781 775 sibi
808 728 1011 774 invicem
1043 727 1349 775 succedentes
1376 749 1387 775 :
1415 731 1632 794 aperiens
1656 731 1813 779 eidem

405 804 515 852 duci
542 805 694 852 varias
724 805 823 851 vias
853 821 1015 851 secum
1044 803 1324 869 pacificandi
1355 816 1402 853 et
1433 823 1543 853 eum
1571 807 1632 855 ad
1662 825 1712 857 se
1742 819 1814 857 at-

405 881 640 942 trahendi,
665 891 807 946 rupto
831 898 1024 946 prorsus
1046 881 1220 929 foedere
1243 881 1324 929 illo
1347 884 1563 931 amicitiae
1583 895 1631 932 et
1653 885 1813 934 frater-

403 959 584 1019 nitatis,
618 959 751 1024 quod
781 975 890 1006 cum
919 959 1093 1006 comite
1128 958 1188 1006 de
1226 960 1471 1008 Charoloc‘s
1496 975 1806 1028 percusserat.

403 1040 505 1083 Hoc
519 1038 648 1084 enim
661 1037 952 1102 praecipuum
967 1053 1066 1084 esse
1079 1036 1276 1101 putabat
1294 1038 1375 1102 (ad
1389 1040 1520 1103 quod
1536 1041 1813 1106 pervenien-

405 1114 539 1177 dum,
563 1115 788 1162 adversus
807 1114 963 1179 ipsum
982 1113 1154 1160 ducem
1177 1115 1392 1178 querelas
1413 1126 1460 1163 et
1483 1119 1812 1167 contentiones

403 1192 664 1257 promovit)
684 1202 753 1253 ut,
773 1191 1022 1239 dissociata
1042 1201 1183 1255 atque
1202 1191 1380 1239 dissuta
1397 1192 1589 1241 illorum
1605 1195 1811 1244 duorum

402 1270 674 1335 principum
699 1269 985 1316 fraternitate
1009 1277 1056 1315 et
1081 1268 1446 1332 singularissima
1467 1271 1671 1319 invicem
1693 1273 1812 1320 ami-

403 1348 531 1407 citia,
557 1365 668 1394 cum
690 1347 838 1395 altero
862 1357 1046 1395 tantum
1070 1347 1267 1410 (scilicet
1287 1365 1395 1394 cum
1421 1349 1616 1413 praefato
1637 1351 1812 1399 comite

401 1424 461 1472 de
486 1424 730 1471 Charolois
754 1435 801 1471 et
831 1424 1110 1488 Burgundiae
1132 1424 1298 1489 domo)
1323 1426 1568 1489 negotium
1595 1427 1809 1491 haberet,

402 1502 654 1567 ipsumque
677 1501 879 1563 facilius,
905 1519 994 1567 pro
1017 1501 1176 1563 libito,
1204 1503 1519 1567 exstingueret
1543 1521 1627 1552 seu
1649 1507 1813 1571 oppri-

402 1590 553 1627 meret
570 1616 582 1639 ,
633 1589 679 1627 et
718 1596 813 1626 suae
856 1579 1104 1632 subactum
1151 1579 1384 1627 voluntati
1429 1580 1650 1630 efficeret.
1702 1585 1812 1640 Quo

401 1658 589 1719 effecto,
604 1658 703 1722 jam
719 1657 787 1704 nil
803 1657 1041 1704 dubitaret
1057 1658 1173 1721 quin
1197 1657 1339 1704 etiam
1356 1657 1605 1706 Britanniae
1620 1658 1809 1719 ducem,

399 1746 445 1782 et
473 1750 802 1799 quoscumque
829 1734 947 1781 alios
974 1734 1106 1797 regni
1132 1733 1368 1798 principes
1396 1742 1537 1798 atque
1571 1745 1812 1800 magnates

400 1812 534 1859 facile
563 1822 608 1859 et
638 1811 817 1876 absque
847 1827 1023 1874 magno
1052 1810 1268 1872 negotio,
1301 1809 1374 1856 vel
1402 1810 1612 1858 similiter
1637 1813 1809 1877 oppri-

399 1898 575 1947 meret,
615 1888 687 1935 vel
717 1887 807 1936 sub
838 1903 1000 1947 suam,
1031 1902 1177 1950 quam
1206 1885 1370 1945 vellet,
1403 1886 1635 1950 redigeret
1663 1889 1809 1935 servi-

398 1967 584 2012 tutem¹.

462 2044 597 2088 Hanc
628 2041 806 2105 quippe
836 2057 947 2086 eum
974 2055 1134 2103 gerere
1166 2038 1489 2097 affectionem,
1523 2049 1570 2086 et
1595 2039 1690 2088 hoc
1719 2042 1810 2090 sibi

397 2117 512 2165 olim
547 2118 597 2163 in
638 2117 850 2163 animum
881 2115 1127 2162 induxisse
1170 2131 1340 2161 omnes
1377 2131 1510 2179 paene
1549 2115 1809 2165 Galliarum

397 2195 635 2259 principes
677 2202 723 2239 et
765 2209 987 2258 proceres
1030 2192 1158 2239 velut
1190 2191 1491 2256 exploratum
1537 2191 1803 2256 habebant,

397 2271 530 2335 quod
559 2286 727 2317 omnes
754 2270 956 2333 majores
985 2268 1155 2315 domos
1183 2268 1316 2330 regni
1344 2278 1487 2332 atque
1514 2269 1807 2334 principatus

395 2348 552 2395 delere
580 2358 627 2395 et
654 2347 951 2410 exstinguere
978 2346 1138 2407 vellet,
1166 2344 1243 2391 vel
1266 2361 1343 2392 eas
1368 2345 1532 2392 saltem
1557 2354 1652 2391 tam
1679 2357 1806 2393 exte-

395 2442 543 2473 nuare
569 2435 616 2471 et
644 2424 862 2484 eradere,
895 2434 947 2470 ut
974 2423 1113 2470 nullae.
1144 2422 1320 2470 eisdem
1351 2438 1569 2502 prorsus,
1598 2423 1672 2470 vel
1702 2425 1806 2483 uni-

394 2505 537 2551 versis
561 2502 636 2549 vel
659 2502 870 2566 singulis,
897 2510 1198 2549 remanerent
1223 2500 1363 2558 vires,
1395 2478 1523 2546 unde
1554 2499 1805 2548 adversum

393 2597 442 2627 se
465 2578 695 2626 rebellare
717 2577 792 2625 vel
814 2595 909 2624 suae
936 2587 1132 2642 possent
1155 2575 1443 2624 auderentve
1467 2574 1695 2623 obsistere
1726 2594 1807 2624 vo-

395 2657 579 2704 luntati.

447 2763 485 2798 1.
516 2760 551 2797 A
574 2757 612 2796 la
635 2770 767 2810 marge
785 2757 838 2795 du
857 2770 927 2795 ms.
958 2764 1013 2796 est
1036 2756 1129 2794 ecrit
1161 2755 1303 2793 devant
1323 2766 1367 2792 ce
1387 2767 1569 2806 passage,
1592 2754 1619 2790 ὰ
1648 2757 1685 2790 la
1707 2762 1805 2790 tomb

391 2832 516 2868 quase,
539 2836 555 2852 u
579 2819 600 2854 ὲ
623 2817 660 2855 la
678 2826 830 2867 turque.
856 2832 873 2849 ιι
