2054 3470
748 364 896 401 LIBER
922 363 1122 400 PRIMUS.
1593 363 1643 400 ³³

240 453 458 501 stiturum
489 451 656 500 illustri
683 451 881 512 reginae,
914 449 1128 513 compari
1161 464 1282 506 suae,
1319 448 1471 495 suerat
1504 449 1643 514 polli-

241 530 376 577 citus.

309 610 528 670 Percepta
547 615 704 653 autem
719 603 810 652 hac
827 603 979 663 clade,
1003 603 1110 668 pius
1131 601 1209 649 ille
1228 603 1475 665 Henricus,
1499 603 1646 652 fidem

241 683 489 731 hominum
510 690 776 728 exsecratus
796 690 843 727 et
866 679 1103 726 varietatis
1134 695 1292 726 rerum
1324 678 1644 728 humanarum

240 769 483 826 pertaesus,
510 775 622 805 cum
648 757 709 804 de
731 757 881 804 Scotis
898 756 1040 805 etiam
1064 772 1235 821 parum
1257 755 1544 818 confideret,
1571 775 1646 806 re-

239 837 347 884 licta
367 836 541 896 Scotia,
564 834 625 882 ad
642 834 889 899 quoddam
910 834 1250 881 monasterium
1271 833 1646 882 monachorum¹

238 915 362 962 circa
383 911 502 960 fines
530 912 662 976 regni
684 911 757 958 sui
781 911 905 958 clam
926 927 975 958 se
997 910 1216 958 contulit.
1244 910 1336 958 Ubi
1366 910 1455 958 sub
1475 928 1645 960 mona-

238 992 316 1040 chi
346 990 514 1039 habitu
541 1007 700 1055 regem
729 989 1001 1048 occultans,
1035 999 1081 1036 et
1108 989 1198 1038 Dei
1220 988 1451 1037 duntaxat
1474 1006 1646 1039 vacans

239 1068 494 1132 obsequio,
519 1085 604 1133 per
628 1067 810 1132 aliquot
832 1069 1009 1114 annos’
1031 1067 1221 1130 ignotus
1242 1066 1459 1126 delituit;
1492 1068 1648 1116 donee

239 1163 322 1212 per
362 1145 618 1210 quemdam
661 1144 898 1210 perfidum
934 1143 1224 1191 monachum
1266 1152 1409 1208 atque
1445 1145 1647 1210 impium

240 1222 492 1283 Edoardo,
530 1221 595 1269 ob
625 1221 936 1269 commodum
971 1220 1166 1286 aliquod
1200 1221 1464 1286 temporale
1494 1221 1556 1270 ab
1588 1240 1646 1270 eo

239 1299 651 1365 consequendum,
680 1299 894 1364 proditus
919 1308 965 1346 et
987 1298 1222 1346 indicatus
1245 1298 1347 1346 fuit.

304 1379 425 1424 Cum
448 1387 605 1424 autem
636 1378 700 1424 ita
728 1376 949 1423 Edoardo
983 1386 1102 1424 esset
1139 1375 1385 1441 prodituS,
1427 1377 1509 1441 qui
1545 1387 1647 1426 tum

241 1452 434 1519 pacifice
453 1463 554 1518 toto
575 1454 845 1519 potiebatur
863 1470 1028 1516 regno,
1049 1453 1200 1500 missis
1222 1452 1515 1513 satellitibus,
1536 1471 1646 1502 eum

242 1530 302 1578 ad
322 1547 370 1577 se
393 1531 666 1578 Londonias
688 1530 901 1578 accersiri
920 1530 1078 1593 jussit;
1104 1546 1202 1594 quo
1223 1530 1332 1577 loco
1361 1531 1409 1577 in
1440 1547 1548 1578 arce
1570 1532 1647 1579 illa

243 1617 426 1668 vetere,
470 1625 574 1671 quae
611 1607 770 1653 Turris
807 1606 1167 1653 Londoniarum
1204 1606 1492 1671 appellatur,
1537 1625 1647 1655 eum

244 1683 518 1745 recludens,
566 1683 773 1748 praebitis
810 1684 893 1748 qui
938 1685 986 1730 in
1024 1683 1206 1730 cunctis
1240 1682 1330 1730 sibi
1372 1686 1648 1733 necessariis

242 1761 561 1808 ministrarent
588 1761 972 1826 exactissimeque
1001 1760 1328 1820 observarent,
1364 1760 1510 1824 longo
1540 1778 1645 1810 car·

240 1854 347 1885 cere
380 1854 492 1885 eum
523 1838 786 1897 damnavit,
814 1838 1122 1902 clausumque
1147 1837 1241 1883 illic
1263 1837 1492 1885 custodiri
1518 1839 1641 1887 fecit.

239 1915 402 1974 Qualis
423 1925 581 1962 autem
603 1915 914 1980 postmodum
944 1931 1054 1962 eum
1078 1915 1269 1962 fortuna
1287 1916 1492 1962 tenuerit
1507 1953 1519 1976 ,
1559 1933 1646 1963 suo

238 1991 362 2050 loco,
386 1994 488 2038 Deo
506 1992 759 2055 adjuvante
779 2028 790 2050 ‚
829 1992 1024 2038 inferius
1047 2008 1412 2057 prosequemur,
1451 1991 1511 2039 ad
1535 1992 1648 2039 alias

239 2085 313 2116 res
325 2085 410 2134 per
424 2068 733 2127 Ludovicum‚
745 2079 853 2116 ante
870 2069 995 2116 hanc
1014 2070 1206 2116 Henrici
1222 2070 1646 2118 incarcerationem

240 2156 412 2210 gestas,
439 2156 652 2193 nostram
675 2146 967 2194 reflectentes
991 2147 1333 2194 narrationem.
1362 2151 1519 2205 Quam
1540 2149 1645 2211 qui·

241 2222 349 2270 dem
373 2222 502 2288 [huc]
526 2240 676 2287 usque
700 2239 834 2270 casus
856 2223 1046 2270 Henrici
1073 2223 1382 2287 fortunasque
1404 2225 1646 2272 narrando

240 2301 609 2364 perstrinximus,
634 2301 884 2348 occasione
903 2300 1135 2347 adventus
1148 2300 1336 2348 illustris
1356 2303 1642 2366 Margaretae,

242 2377 498 2441 Anglorum
528 2378 721 2441 reginae,
766 2377 826 2425 ad
849 2377 1192 2425 consobrinum
1224 2395 1367 2425 suum
1396 2380 1646 2444 maritique

243 2455 312 2500 sui
335 2456 522 2502 Hem-ici
544 2455 767 2503 eumdem
794 2456 1113 2515 Ludovicum‚
1142 2460 1433 2503 Francorum
1461 2473 1643 2521 regem,

243 2531 389 2592 gratia
411 2533 567 2579 auxilii
591 2533 840 2596 solatiique
863 2532 923 2579 ab
947 2549 1004 2579 eo
1028 2533 1478 2597 consequendorum
1505 2552 1516 2580 z
1542 2551 1648 2598 quae

245 2606 354 2654 talia
385 2609 539 2671 qualia
572 2610 770 2657 relatum
806 2610 1014 2669 exstitit,
1054 2610 1315 2657 adinvenit.
1353 2611 1457 2658 Fuit
1487 2621 1645 2658 autem

243 2683 375 2746 prior
408 2685 638 2732 adventus
669 2687 816 2751 ipsius
843 2687 1016 2750 reginae
1049 2687 1098 2733 in
1124 2688 1370 2734 Franciam
1393 2687 1455 2735 ad
1487 2687 1648 2734 Ludo-

300 2798 335 2833 1.
369 2798 401 2834 A
419 2795 635 2849 Abingdon.

300 2857 338 2893 2.
372 2855 542 2895 Pendant
560 2870 613 2896 un
632 2870 681 2897 an
700 2859 924 2901 seulement.
